id,price,qty,quote_qty,time,is_buyer_maker
27256679,44931.83000000,0.00152000,68.29638160,1704240001267,True
27256680,44952.99000000,0.00044000,19.77931560,1704240009012,False
27256681,44953.00000000,0.23091000,10380.09723000,1704240009341,False
27256682,44945.85000000,0.00800000,359.56680000,1704240014012,True
27256683,44945.84000000,0.00286000,128.54510240,1704240014012,True
27256684,44967.57000000,0.00015000,6.74513550,1704240021294,False
27256685,44975.70000000,0.00163000,73.31039100,1704240054246,False
27256686,44977.90000000,0.00072000,32.38408800,1704240054246,False
27256687,44980.00000000,0.00209000,94.00820000,1704240054246,False
27256688,44958.80000000,0.00003000,1.34876400,1704240054902,True
27256689,44980.00000000,0.00072000,32.38560000,1704240055759,False
27256690,44980.00000000,0.00029000,13.04420000,1704240055761,False
27256691,44985.32000000,0.00043000,19.34368760,1704240055761,False
27256692,44985.32000000,0.00052000,23.39236640,1704240056659,False
27256693,44994.57000000,0.00020000,8.99891400,1704240056659,False
27256694,44964.07000000,0.00009000,4.04676630,1704240060106,True
27256695,44994.56000000,0.00101000,45.44450560,1704240064345,False
27256696,44994.57000000,0.00280000,125.98479600,1704240065346,False
27256697,44969.07000000,0.00032000,14.39010240,1704240065991,True
27256698,44994.86000000,0.00800000,359.95888000,1704240066010,False
27256699,44994.87000000,0.02660000,1196.86354200,1704240066346,False
27256700,44995.95000000,0.00072000,32.39708400,1704240067346,False
27256701,44996.27000000,0.00072000,32.39731440,1704240068346,False
27256702,44996.68000000,0.00013000,5.84956840,1704240069040,False
27256703,44996.69000000,0.00011000,4.94963590,1704240069040,False
27256704,44998.78000000,0.00087000,39.14893860,1704240069040,False
27256705,44999.00000000,0.00108000,48.59892000,1704240069040,False
27256706,44999.00000000,0.00124000,55.79876000,1704240069346,False
27256707,45000.00000000,0.00003000,1.35000000,1704240070347,False
27256708,45000.00000000,0.19323000,8695.35000000,1704240070347,False
27256709,45000.00000000,0.00032000,14.40000000,1704240071890,False
27256710,45000.00000000,0.33425000,15041.25000000,1704240072666,False
27256711,45001.72000000,0.00072000,32.40123840,1704240073290,False
27256712,45001.72000000,0.00072000,32.40123840,1704240073294,False
27256713,45001.54000000,0.00072000,32.40110880,1704240073679,False
27256714,45001.72000000,0.00216000,97.20371520,1704240074692,False
27256715,45000.01000000,0.00006000,2.70000060,1704240074944,True
27256716,45003.55000000,0.00072000,32.40255600,1704240075700,False
27256717,45000.04000000,0.00505000,227.25020200,1704240075855,True
27256718,45004.47000000,0.00072000,32.40321840,1704240076727,False
27256719,45005.41000000,0.10144000,4565.34879040,1704240077744,False
27256720,45000.15000000,0.00033000,14.85004950,1704240077875,True
27256721,45008.31000000,0.00072000,32.40598320,1704240078344,False
27256722,45008.31000000,0.00528000,237.64387680,1704240078752,False
27256723,45000.15000000,0.00032000,14.40004800,1704240079734,True
27256724,45008.87000000,0.00071000,31.95629770,1704240083008,False
27256725,45000.00000000,0.00022000,9.90000000,1704240087610,True
27256726,45008.16000000,0.00072000,32.40587520,1704240088311,False
27256727,45003.96000000,0.00032000,14.40126720,1704240089666,False
27256728,44982.07000000,0.00011000,4.94802770,1704240092749,True
27256729,45003.94000000,0.00072000,32.40283680,1704240093272,False
27256730,45003.94000000,0.00072000,32.40283680,1704240093317,False
27256731,45003.93000000,0.00170000,76.50668100,1704240094808,False
27256732,44982.07000000,0.00019000,8.54659330,1704240120093,True
27256733,45008.87000000,0.00055000,24.75487850,1704240120986,False
27256734,45008.86000000,0.00012000,5.40106320,1704240121954,False
27256735,44981.04000000,0.00032000,14.39393280,1704240122071,True
27256736,45008.87000000,0.00007000,3.15062090,1704240155353,False
27256737,45009.60000000,0.00011000,4.95105600,1704240156079,False
27256738,45009.60000000,0.00061000,27.45585600,1704240156304,False
27256739,45010.00000000,0.00033000,14.85330000,1704240156411,False
27256740,45010.28000000,0.00072000,32.40740160,1704240156820,False
27256741,45010.28000000,0.00072000,32.40740160,1704240156896,False
27256742,45010.28000000,0.00456000,205.24687680,1704240157774,False
27256743,45011.45000000,0.00201000,90.47301450,1704240158618,False
27256744,45014.65000000,0.00019000,8.55278350,1704240159902,False
27256745,45015.00000000,0.00032000,14.40480000,1704240160634,False
27256746,45015.00000000,0.00016000,7.20240000,1704240161312,False
27256747,44987.76000000,0.00032000,14.39608320,1704240166306,True
27256748,45016.01000000,0.00050000,22.50800500,1704240168275,False
27256749,45016.02000000,0.00022000,9.90352440,1704240168275,False
27256750,45016.02000000,0.00072000,32.41153440,1704240168322,False
27256751,45016.02000000,0.00072000,32.41153440,1704240168672,False
27256752,45016.01000000,0.00032000,14.40512320,1704240172058,False
27256753,45016.01000000,0.01902000,856.20451020,1704240172159,False
27256754,45016.02000000,0.00193000,86.88091860,1704240172159,False
27256755,45016.39000000,0.00072000,32.41180080,1704240172159,False
27256756,45017.14000000,0.00072000,32.41234080,1704240172159,False
27256757,45017.15000000,0.00072000,32.41234800,1704240172159,False
27256758,45017.99000000,0.02648000,1192.07637520,1704240172159,False
27256759,45018.00000000,0.00111000,49.96998000,1704240173761,False
27256760,45017.99000000,0.00072000,32.41295280,1704240183080,False
27256761,45017.97000000,0.00193000,86.88468210,1704240238293,False
27256762,44986.89000000,0.00051000,22.94331390,1704240276219,True
27256763,44970.84000000,0.00100000,44.97084000,1704240276219,True
27256764,44970.84000000,0.01038000,466.79731920,1704240276219,True
27256765,44969.02000000,0.00800000,359.75216000,1704240276219,True
27256766,44969.01000000,0.00285000,128.16167850,1704240276219,True
27256767,44996.91000000,0.00008000,3.59975280,1704240277959,False
27256768,44996.92000000,0.00068000,30.59790560,1704240277959,False
27256769,44993.09000000,0.00072000,32.39502480,1704240278806,False
27256770,44968.86000000,0.00359000,161.43820740,1704240288328,True
27256771,44985.24000000,0.00008000,3.59881920,1704240288663,False
27256772,44985.25000000,0.00064000,28.79056000,1704240288663,False
27256773,44964.07000000,0.00030000,13.48922100,1704240290362,True
27256774,44978.91000000,0.00072000,32.38481520,1704240291810,False
27256775,44978.91000000,0.00008000,3.59831280,1704240291855,False
27256776,44978.92000000,0.00064000,28.78650880,1704240291855,False
27256777,44963.12000000,0.00201000,90.37587120,1704240292362,True
27256778,44954.02000000,0.00003000,1.34862060,1704240294180,True
27256779,44949.08000000,0.00029000,13.03523320,1704240294180,True
27256780,44987.91000000,0.00008000,3.59903280,1704240303071,False
27256781,44987.92000000,0.00035000,15.74577200,1704240303071,False
27256782,44987.92000000,0.00044000,19.79468480,1704240303330,False
27256783,44949.08000000,0.00011000,4.94439880,1704240303957,True
27256784,44945.18000000,0.00189000,84.94639020,1704240303957,True
27256785,44986.44000000,0.01112000,500.24921280,1704240304988,False
27256786,44983.85000000,0.00072000,32.38837200,1704240306437,False
27256787,44983.85000000,0.00072000,32.38837200,1704240306471,False
27256788,44983.85000000,0.00072000,32.38837200,1704240306517,False
27256789,44982.64000000,0.00032000,14.39444480,1704240308285,False
27256790,44945.18000000,0.00111000,49.88914980,1704240345365,True
27256791,44945.18000000,0.00022000,9.88793960,1704240345365,True
27256792,44979.86000000,0.00096000,43.18066560,1704240361466,False
27256793,44982.64000000,0.00040000,17.99305600,1704240361874,False
27256794,44981.53000000,0.01204000,541.57762120,1704240393829,False
27256795,44981.49000000,0.00666000,299.57672340,1704240398743,False
27256796,44981.77000000,0.00334000,150.23911180,1704240398743,False
27256797,44984.56000000,0.00093000,41.83564080,1704240406584,False
27256798,44986.64000000,0.00072000,32.39038080,1704240406584,False
27256799,44993.09000000,0.00084000,37.79419560,1704240406584,False
27256800,44993.09000000,0.00084000,37.79419560,1704240406584,False
27256801,44994.57000000,0.00098000,44.09467860,1704240406584,False
27256802,44963.36000000,0.00800000,359.70688000,1704240408051,True
27256803,44963.35000000,0.02147000,965.36312450,1704240408051,True
27256804,44994.57000000,0.00072000,32.39609040,1704240409365,False
27256805,44994.57000000,0.00072000,32.39609040,1704240409370,False
27256806,44994.57000000,0.00058000,26.09685060,1704240409463,False
27256807,45000.00000000,0.00003000,1.35000000,1704240409463,False
27256808,45006.94000000,0.00008000,3.60055520,1704240409463,False
27256809,45011.45000000,0.00003000,1.35034350,1704240409463,False
27256810,45009.04000000,0.01594000,717.44409760,1704240415692,False
27256811,45011.45000000,0.00198000,89.12267100,1704240423232,False
27256812,45016.02000000,0.00072000,32.41153440,1704240423292,False
27256813,45016.02000000,0.00072000,32.41153440,1704240423334,False
27256814,45000.82000000,0.00072000,32.40059040,1704240423658,False
27256815,45016.02000000,0.00072000,32.41153440,1704240423706,False
27256816,45016.02000000,0.00143000,64.37290860,1704240424944,False
27256817,45016.73000000,0.00072000,32.41204560,1704240425370,False
27256818,45018.00000000,0.00889000,400.21002000,1704240425844,False
27256819,45018.38000000,0.00072000,32.41323360,1704240426371,False
27256820,45018.38000000,0.00072000,32.41323360,1704240426371,False
27256821,45018.53000000,0.00072000,32.41334160,1704240426510,False
27256822,45018.77000000,0.00010000,4.50187700,1704240427371,False
27256823,45018.78000000,0.00010000,4.50187800,1704240427771,False
27256824,45019.19000000,0.00062000,27.91189780,1704240427771,False
27256825,45019.56000000,0.00600000,270.11736000,1704240428198,False
27256826,45021.07000000,0.00003000,1.35063210,1704240428198,False
27256827,45021.54000000,0.00287000,129.21181980,1704240428198,False
27256828,45021.54000000,0.00313000,140.91742020,1704240428371,False
27256829,45021.94000000,0.00072000,32.41579680,1704240429371,False
27256830,45021.94000000,0.00072000,32.41579680,1704240429371,False
27256831,45019.19000000,0.00202000,90.93876380,1704240430371,False
27256832,45022.53000000,0.00072000,32.41622160,1704240430571,False
27256833,45023.42000000,0.00037000,16.65866540,1704240431371,False
27256834,45024.45000000,0.00035000,15.75855750,1704240431577,False
27256835,45025.13000000,0.00049000,22.06231370,1704240432372,False
27256836,45025.25000000,0.00072000,32.41818000,1704240433589,False
27256837,45026.26000000,0.00040000,18.01050400,1704240434692,False
27256838,45026.49000000,0.00072000,32.41907280,1704240435704,False
27256839,45026.65000000,0.00003000,1.35079950,1704240436353,False
27256840,45026.65000000,0.00001000,0.45026650,1704240436712,False
27256841,45026.76000000,0.01933000,870.36727080,1704240437718,False
27256842,45027.52000000,0.00045000,20.26238400,1704240438305,False
27256843,45030.70000000,0.00003000,1.35092100,1704240438305,False
27256844,45030.82000000,0.00024000,10.80739680,1704240438305,False
27256845,45026.65000000,0.00076000,34.22025400,1704240439195,False
27256846,45030.82000000,0.00576000,259.37752320,1704240446723,False
27256847,45032.01000000,0.00072000,32.42304720,1704240446923,False
27256848,45032.29000000,0.00007000,3.15226030,1704240447373,False
27256849,45032.79000000,0.00600000,270.19674000,1704240447745,False
27256850,45033.00000000,0.00072000,32.42376000,1704240448372,False
27256851,45033.73000000,0.00150000,67.55059500,1704240448772,False
27256852,45037.13000000,0.00072000,32.42673360,1704240449674,False
27256853,45037.13000000,0.00800000,360.29704000,1704240451033,False
27256854,45037.13000000,0.00250000,112.59282500,1704240453443,False
27256855,45037.14000000,0.02589000,1166.01155460,1704240454482,False
27256856,45037.16000000,0.00040000,18.01486400,1704240455530,False
27256857,45037.25000000,0.00029000,13.06080250,1704240456575,False
27256858,45038.51000000,0.00040000,18.01540400,1704240457600,False
27256859,45018.39000000,0.00032000,14.40588480,1704240460694,True
27256860,45039.15000000,0.00032000,14.41252800,1704240466709,False
27256861,45039.15000000,0.00040000,18.01566000,1704240469256,False
27256862,45039.33000000,0.00040000,18.01573200,1704240470356,False
27256863,45039.66000000,0.00072000,32.42855520,1704240471495,False
27256864,45042.08000000,0.00600000,270.25248000,1704240471726,False
27256865,45042.63000000,0.00072000,32.43069360,1704240471765,False
27256866,45039.33000000,0.00076000,34.22989080,1704240473487,False
27256867,45043.02000000,0.00072000,32.43097440,1704240473991,False
27256868,45018.84000000,0.00030000,13.50565200,1704240480113,True
27256869,45043.04000000,0.00200000,90.08608000,1704240480938,False
27256870,45043.01000000,0.00072000,32.43096720,1704240483080,False
27256871,45042.99000000,0.00072000,32.43095280,1704240483714,False
27256872,45042.98000000,0.00255000,114.85959900,1704240484428,False
27256873,45039.60000000,0.00083000,37.38286800,1704240492207,False
27256874,45039.20000000,0.00917000,413.00946400,1704240492437,False
27256875,45006.37000000,0.00261000,117.46662570,1704240493071,True
27256876,45019.60000000,0.00025000,11.25490000,1704240517278,False
27256877,45008.10000000,0.00008000,3.60064800,1704240547914,False
27256878,45008.11000000,0.00015000,6.75121650,1704240547914,False
27256879,44993.69000000,0.00262000,117.88346780,1704240548505,True
27256880,44993.69000000,0.00666000,299.65797540,1704240548505,True
27256881,44982.40000000,0.00100000,44.98240000,1704240548505,True
27256882,44987.75000000,0.00032000,14.39608000,1704240571772,True
27256883,45030.19000000,0.00032000,14.40966080,1704240581826,False
27256884,45029.33000000,0.00078000,35.12287740,1704240606486,False
27256885,45029.33000000,0.00079000,35.57317070,1704240606604,False
27256886,45029.32000000,0.00078000,35.12286960,1704240606895,False
27256887,45029.32000000,0.00076000,34.22228320,1704240606919,False
27256888,45029.32000000,0.00043000,19.36260760,1704240607230,False
27256889,45029.32000000,0.00021000,9.45615720,1704240607245,False
27256890,45029.31000000,0.00072000,32.42110320,1704240607759,False
27256891,45030.19000000,0.00103000,46.38109570,1704240630182,False
27256892,45030.19000000,0.00119000,53.58592610,1704240630198,False
27256893,45030.19000000,0.00039000,17.56177410,1704240633322,False
27256894,45035.28000000,0.00094000,42.33316320,1704240635836,False
27256895,45041.22000000,0.00008000,3.60329760,1704240635836,False
27256896,45041.22000000,0.00121000,54.49987620,1704240635836,False
27256897,45030.19000000,0.00016000,7.20483040,1704240638404,True
27256898,45030.19000000,0.00055000,24.76660450,1704240638404,True
27256899,45030.19000000,0.00064000,28.81932160,1704240638404,True
27256900,45030.19000000,0.00058000,26.11751020,1704240638404,True
27256901,45030.19000000,0.00178000,80.15373820,1704240638404,True
27256902,45030.19000000,0.00078000,35.12354820,1704240638404,True
27256903,45030.19000000,0.00094000,42.32837860,1704240638404,True
27256904,45030.19000000,0.00055000,24.76660450,1704240638404,True
27256905,45030.19000000,0.00055000,24.76660450,1704240638404,True
27256906,45030.19000000,0.00091000,40.97747290,1704240638404,True
27256907,45030.19000000,0.00055000,24.76660450,1704240638404,True
27256908,45030.19000000,0.00055000,24.76660450,1704240638404,True
27256909,45030.19000000,0.00123000,55.38713370,1704240638404,True
27256910,45030.19000000,0.00103000,46.38109570,1704240638404,True
27256911,45030.19000000,0.00071000,31.97143490,1704240638404,True
27256912,45030.19000000,0.00065000,29.26962350,1704240638404,True
27256913,45030.19000000,0.00081000,36.47445390,1704240638404,True
27256914,45030.19000000,0.00322000,144.99721180,1704240638404,True
27256915,45030.19000000,0.00071000,31.97143490,1704240638404,True
27256916,45041.13000000,0.00072000,32.42961360,1704240639762,False
27256917,45041.13000000,0.00072000,32.42961360,1704240639806,False
27256918,45042.29000000,0.00003000,1.35126870,1704240661022,False
27256919,45005.00000000,0.00114000,51.30570000,1704240695081,True
27256920,45000.03000000,0.00100000,45.00003000,1704240695391,True
27256921,45000.00000000,0.00100000,45.00000000,1704240696390,True
27256922,45036.19000000,0.00008000,3.60289520,1704240697755,False
27256923,45036.20000000,0.00064000,28.82316800,1704240697755,False
27256924,44978.04000000,0.00214000,96.25300560,1704240700183,True
27256925,45005.78000000,0.00008000,3.60046240,1704240701090,False
27256926,45005.79000000,0.00068000,30.60393720,1704240701090,False
27256927,45005.74000000,0.00072000,32.40413280,1704240708323,False
27256928,44977.75000000,0.00035000,15.74221250,1704240715248,True
27256929,45005.47000000,0.00003000,1.35016410,1704240715603,False
27256930,44999.22000000,0.00008000,3.59993760,1704240720106,False
27256931,44999.22000000,0.00001000,0.44999220,1704240720106,False
27256932,44970.00000000,0.00232000,104.33040000,1704240722392,True
27256933,44969.85000000,0.00049000,22.03522650,1704240734391,True
27256934,44968.86000000,0.00359000,161.43820740,1704240735861,True
27256935,44969.85000000,0.02660000,1196.19801000,1704240736028,True
27256936,44963.12000000,0.00201000,90.37587120,1704240738393,True
27256937,44963.12000000,0.05698000,2561.99857760,1704240738393,True
27256938,44958.48000000,0.00045000,20.23131600,1704240738812,True
27256939,44958.48000000,0.00076000,34.16844480,1704240747392,True
27256940,44954.03000000,0.01003000,450.88892090,1704240749523,True
27256941,44972.06000000,0.00070000,31.48044200,1704240751470,False
27256942,44954.10000000,0.00032000,14.38531200,1704240752205,True
27256943,44972.10000000,0.02660000,1196.25786000,1704240764530,False
27256944,44998.29000000,0.00072000,32.39876880,1704240765728,False
27256945,44998.29000000,0.00072000,32.39876880,1704240765772,False
27256946,44998.85000000,0.00043000,19.34950550,1704240781541,False
27256947,44998.81000000,0.00072000,32.39914320,1704240782771,False
27256948,44961.84000000,0.00200000,89.92368000,1704240783051,True
27256949,44994.86000000,0.00020000,8.99897200,1704240796275,False
27256950,44994.75000000,0.00350000,157.48162500,1704240802702,False
27256951,44994.75000000,0.00666000,299.66503500,1704240802702,False
27256952,44994.76000000,0.01644000,739.71385440,1704240802702,False
27256953,44994.98000000,0.00003000,1.34984940,1704240836957,False
27256954,44995.00000000,0.01002000,450.84990000,1704240872401,False
27256955,44997.11000000,0.02660000,1196.92312600,1704240874401,False
27256956,44999.31000000,0.00072000,32.39950320,1704240874587,False
27256957,45002.46000000,0.00004000,1.80009840,1704240878325,False
27256958,45011.45000000,0.00072000,32.40824400,1704240878822,False
27256959,45011.45000000,0.00003000,1.35034350,1704240882202,False
27256960,45011.45000000,0.00072000,32.40824400,1704240882761,False
27256961,45011.45000000,0.00054000,24.30618300,1704240882767,False
27256962,45011.45000000,0.00018000,8.10206100,1704240882767,False
27256963,45011.44000000,0.00032000,14.40366080,1704240887542,False
27256964,45011.43000000,0.00058000,26.10662940,1704240910038,False
27256965,45011.22000000,0.00003000,1.35033660,1704240918338,False
27256966,44987.38000000,0.00800000,359.89904000,1704240929817,True
27256967,44987.38000000,0.00666000,299.61595080,1704240929817,True
27256968,44987.37000000,0.06200000,2789.21694000,1704240929817,True
27256969,44987.31000000,0.05099000,2293.90293690,1704240929817,True
27256970,44977.51000000,0.21465000,9654.42252150,1704240929817,True
27256971,45011.43000000,0.00036000,16.20411480,1704240930221,False
27256972,45011.45000000,0.00058000,26.10664100,1704240930221,False
27256973,45016.02000000,0.00120000,54.01922400,1704240930221,False
27256974,45016.02000000,0.00108000,48.61730160,1704240936073,False
27256975,45016.02000000,0.00072000,32.41153440,1704240943286,False
27256976,45004.80000000,0.00003000,1.35014400,1704240975671,False
27256977,45004.21000000,0.00102000,45.90429420,1704241000448,False
27256978,45004.13000000,0.00072000,32.40297360,1704241003340,False
27256979,44967.83000000,0.00032000,14.38970560,1704241006355,True
27256980,45004.05000000,0.00003000,1.35012150,1704241006546,False
27256981,45004.02000000,0.00072000,32.40289440,1704241008125,False
27256982,44994.40000000,0.00003000,1.34983200,1704241024961,False
27256983,44992.98000000,0.00020000,8.99859600,1704241033827,False
27256984,44967.83000000,0.00076000,34.17555080,1704241052413,True
27256985,44963.12000000,0.00201000,90.37587120,1704241054155,True
27256986,44981.27000000,0.00007000,3.14868890,1704241054419,False
27256987,44959.00000000,0.01000000,449.59000000,1704241055413,True
27256988,44959.00000000,0.00076000,34.16884000,1704241057825,True
27256989,44971.65000000,0.00020000,8.99433000,1704241058237,False
27256990,44971.64000000,0.00072000,32.37958080,1704241058723,False
27256991,44983.94000000,0.00005000,2.24919700,1704241069439,False
27256992,44982.67000000,0.00010000,4.49826700,1704241080107,False
27256993,44981.80000000,0.00072000,32.38689600,1704241081533,False
27256994,44981.79000000,0.00072000,32.38688880,1704241081578,False
27256995,44981.56000000,0.00136000,61.17492160,1704241093365,False
27256996,44981.56000000,0.00464000,208.71443840,1704241093386,False
27256997,44982.89000000,0.00032000,14.39452480,1704241096859,False
27256998,44981.56000000,0.42908000,19300.68776480,1704241097954,True
27256999,44982.86000000,0.00070000,31.48800200,1704241124638,True
27257000,44954.02000000,0.00003000,1.34862060,1704241126306,True
27257001,44953.21000000,0.00029000,13.03643090,1704241126306,True
27257002,44953.21000000,0.00071000,31.91677910,1704241129240,True
27257003,44953.21000000,0.00091000,40.90742110,1704241129240,True
27257004,44969.63000000,0.00010000,4.49696300,1704241140106,False
27257005,44959.89000000,0.00126000,56.64946140,1704241145456,False
27257006,44951.42000000,0.01090000,489.97047800,1704241155039,False
27257007,44952.62000000,0.00003000,1.34857860,1704241155207,False
27257008,44952.62000000,0.00003000,1.34857860,1704241158668,False
27257009,44950.23000000,0.00100000,44.95023000,1704241169570,True
27257010,44950.22000000,0.00040000,17.98008800,1704241169570,True
27257011,44945.18000000,0.00235000,105.62117300,1704241169570,True
27257012,44949.06000000,0.01203000,540.73719180,1704241186508,False
27257013,44949.06000000,0.02657000,1194.29652420,1704241186508,False
27257014,44968.29000000,0.00005000,2.24841450,1704241225245,False
27257015,44968.29000000,0.00003000,1.34904870,1704241229475,False
27257016,44983.14000000,0.00042000,18.89291880,1704241261407,False
27257017,44985.77000000,0.00700000,314.90039000,1704241277339,False
27257018,44949.14000000,0.00100000,44.94914000,1704241351434,True
27257019,44949.14000000,0.00666000,299.36127240,1704241351434,True
27257020,44949.06000000,0.00262000,117.76653720,1704241352744,True
27257021,44945.18000000,0.00065000,29.21436700,1704241352744,True
27257022,44932.09000000,0.00016000,7.18913440,1704241352744,True
27257023,44931.10000000,0.00035000,15.72588500,1704241352744,True
27257024,44924.42000000,0.00539000,242.14262380,1704241352744,True
27257025,44949.14000000,0.00003000,1.34847420,1704241353434,False
27257026,44949.12000000,0.00032000,14.38371840,1704241354167,False
27257027,44949.14000000,0.00887000,398.69887180,1704241368544,False
27257028,44963.99000000,0.60722000,27303.03400780,1704241368544,False
27257029,44963.95000000,0.00523000,235.16145850,1704241369997,False
27257030,44963.96000000,0.02137000,960.87982520,1704241369997,False
27257031,44960.52000000,0.00010000,4.49605200,1704241380092,False
27257032,44965.55000000,0.00072000,32.37519600,1704241406232,False
27257033,44965.55000000,0.00667000,299.92021850,1704241408053,False
27257034,44965.55000000,0.00800000,359.72440000,1704241408053,False
27257035,44965.55000000,0.01193000,536.43901150,1704241408061,True
27257036,44925.17000000,0.00058000,26.05659860,1704241408639,True
27257037,44958.76000000,0.00058000,26.07608080,1704241434277,False
27257038,44958.76000000,0.00008000,3.59670080,1704241434277,False
27257039,44958.76000000,0.00667000,299.87492920,1704241434277,False
27257040,44958.77000000,0.00090000,40.46289300,1704241434277,False
27257041,44925.35000000,0.00032000,14.37611200,1704241436232,True
27257042,44957.19000000,0.00008000,3.59657520,1704241442179,False
27257043,44957.20000000,0.00024000,10.78972800,1704241442179,False
27257044,44925.37000000,0.00214000,96.14029180,1704241442731,True
27257045,44957.19000000,0.00163000,73.28021970,1704241443005,False
27257046,44925.39000000,0.00032000,14.37612480,1704241447845,True
27257047,44957.17000000,0.00008000,3.59657360,1704241452147,False
27257048,44957.18000000,0.00025000,11.23929500,1704241452147,False
27257049,44961.50000000,0.00008000,3.59692000,1704241455728,False
27257050,44961.51000000,0.00177000,79.58187270,1704241455728,False
27257051,44935.88000000,0.02500000,1123.39700000,1704241476900,False
27257052,44961.51000000,0.00091000,40.91497410,1704241495307,False
27257053,44961.51000000,0.00011000,4.94576610,1704241498173,False
27257054,44962.62000000,0.00072000,32.37308640,1704241498173,False
27257055,44966.24000000,0.00733000,329.60253920,1704241498173,False
27257056,44966.24000000,0.00084000,37.77164160,1704241499962,False
27257057,44966.24000000,0.01411000,634.47364640,1704241500571,False
27257058,44966.62000000,0.00072000,32.37596640,1704241502455,False
27257059,44967.80000000,0.00201000,90.38527800,1704241502455,False
27257060,44967.80000000,0.00032000,14.38969600,1704241502679,False
27257061,44967.80000000,0.02427000,1091.36850600,1704241503269,False
27257062,44977.75000000,0.00035000,15.74221250,1704241508327,False
27257063,44983.72000000,0.00008000,3.59869760,1704241508327,False
27257064,44986.94000000,0.00029000,13.04621260,1704241508327,False
27257065,44967.81000000,0.00003000,1.34903430,1704241509239,True
27257066,44953.21000000,0.00099000,44.50367790,1704241567559,True
27257067,44953.21000000,0.00956000,429.75268760,1704241567559,True
27257068,44968.53000000,0.00020000,8.99370600,1704241580532,False
27257069,44968.53000000,0.00647000,290.94638910,1704241582614,False
27257070,44968.53000000,0.02013000,905.21650890,1704241582621,True
27257071,44950.85000000,0.00040000,17.98034000,1704241591450,True
27257072,44931.10000000,0.00032000,14.37795200,1704241593721,True
27257073,44931.10000000,0.00003000,1.34793300,1704241594874,True
27257074,44931.10000000,0.00037000,16.62450700,1704241594874,True
27257075,44960.39000000,0.01445000,649.67763550,1704241594913,False
27257076,44960.39000000,0.00072000,32.37148080,1704241595055,False
27257077,44960.38000000,0.00006000,2.69762280,1704241602256,False
27257078,44949.79000000,0.00008000,3.59598320,1704241620106,False
27257079,44949.79000000,0.00001000,0.44949790,1704241620106,False
27257080,44949.79000000,0.02660000,1195.66441400,1704241621548,False
27257081,44925.82000000,0.00667000,299.65521940,1704241625714,True
27257082,44949.77000000,0.00003000,1.34849310,1704241626007,False
27257083,44925.75000000,0.00097000,43.57797750,1704241626089,True
27257084,44925.74000000,0.00003000,1.34777220,1704241629692,True
27257085,44924.42000000,0.00076000,34.14255920,1704241630262,True
27257086,44921.75000000,0.00003000,1.34765250,1704241630926,True
27257087,44925.74000000,0.00005000,2.24628700,1704241631262,False
27257088,44925.74000000,0.00032000,14.37623680,1704241631280,False
27257089,44921.75000000,0.00356000,159.92143000,1704241636002,True
27257090,44914.84000000,0.00032000,14.37274880,1704241637200,True
27257091,44939.41000000,0.00006000,2.69636460,1704241641788,False
27257092,44914.84000000,0.00009000,4.04233560,1704241644467,True
27257093,44914.84000000,0.00065000,29.19464600,1704241645534,True
27257094,44914.84000000,0.00095000,42.66909800,1704241645928,True
27257095,44914.84000000,0.00076000,34.13527840,1704241645928,True
27257096,44914.57000000,0.00049000,22.00813930,1704241646279,True
27257097,44914.35000000,0.00092000,41.32120200,1704241647307,True
27257098,44914.34000000,0.00023000,10.33029820,1704241647457,True
27257099,44914.34000000,0.00075000,33.68575500,1704241647457,True
27257100,44914.84000000,0.00003000,1.34744520,1704241647544,False
27257101,44913.58000000,0.00112000,50.30320960,1704241648334,True
27257102,44908.05000000,0.00003000,1.34724150,1704241649397,True
27257103,44905.00000000,0.00013000,5.83765000,1704241651334,True
27257104,44905.00000000,0.00035000,15.71675000,1704241652434,True
27257105,44905.00000000,0.00075000,33.67875000,1704241652434,True
27257106,44908.06000000,0.00319000,143.25671140,1704241653132,True
27257107,44908.06000000,0.00800000,359.26448000,1704241653456,True
27257108,44908.06000000,0.00800000,359.26448000,1704241655456,True
27257109,44932.76000000,0.00008000,3.59462080,1704241655488,False
27257110,44932.76000000,0.00024000,10.78386240,1704241655488,False
27257111,44908.07000000,0.00095000,42.66266650,1704241657456,True
27257112,44903.00000000,0.01002000,449.92806000,1704241658383,True
27257113,44902.52000000,0.00029000,13.02173080,1704241658716,True
27257114,44908.07000000,0.00017000,7.63437190,1704241659038,True
27257115,44908.07000000,0.00017000,7.63437190,1704241659144,True
27257116,44908.07000000,0.00017000,7.63437190,1704241659250,True
27257117,44908.07000000,0.00017000,7.63437190,1704241659357,True
27257118,44908.07000000,0.02602000,1168.50798140,1704241659456,True
27257119,44900.00000000,0.00033000,14.81700000,1704241659723,True
27257120,44898.82000000,0.00075000,33.67411500,1704241661422,True
27257121,44898.78000000,0.00075000,33.67408500,1704241661456,True
27257122,44895.85000000,0.00300000,134.68755000,1704241661650,True
27257123,44890.02000000,0.00557000,250.03741140,1704241661650,True
27257124,44890.01000000,0.00255000,114.46952550,1704241661650,True
27257125,44890.01000000,0.00033000,14.81370330,1704241663543,True
27257126,44890.01000000,0.00800000,359.12008000,1704241664621,True
27257127,44890.01000000,0.00800000,359.12008000,1704241665211,True
27257128,44890.01000000,0.00800000,359.12008000,1704241667456,True
27257129,44890.01000000,0.00150000,67.33501500,1704241669458,True
27257130,44890.00000000,0.00536000,240.61040000,1704241670467,True
27257131,44905.68000000,0.00039000,17.51321520,1704241680109,False
27257132,44890.01000000,0.00092000,41.29880920,1704241693460,True
27257133,44890.00000000,0.22489000,10095.31210000,1704241694458,True
27257134,44890.01000000,0.00177000,79.45531770,1704241695854,True
27257135,44890.01000000,0.02493000,1119.10794930,1704241696458,True
27257136,44889.89000000,0.00065000,29.17842850,1704241697466,True
27257137,44889.89000000,0.00112000,50.27667680,1704241697898,True
27257138,44889.87000000,0.00016000,7.18237920,1704241698911,True
27257139,44889.44000000,0.00045000,20.20024800,1704241699459,True
27257140,44887.99000000,0.01087000,487.93245130,1704241699918,True
27257141,44887.17000000,0.00178000,79.89916260,1704241700965,True
27257142,44884.50000000,0.00035000,15.70957500,1704241701989,True
27257143,44884.36000000,0.00032000,14.36299520,1704241702624,True
27257144,44884.36000000,0.00080000,35.90748800,1704241703002,True
27257145,44884.33000000,0.00024000,10.77223920,1704241704009,True
27257146,44884.33000000,0.00016000,7.18149280,1704241704009,True
27257147,44881.96000000,0.10065000,4517.36927400,1704241704459,True
27257148,44874.71000000,0.00090000,40.38723900,1704241726459,True
27257149,44874.71000000,0.00008000,3.58997680,1704241728461,True
27257150,44891.51000000,0.00010000,4.48915100,1704241740094,False
27257151,44891.49000000,0.00800000,359.13192000,1704241742109,False
27257152,44891.50000000,0.01870000,839.47105000,1704241742109,False
27257153,44891.50000000,0.00032000,14.36528000,1704241744208,False
27257154,44892.25000000,0.02670000,1198.62307500,1704241768975,False
27257155,44893.75000000,0.02670000,1198.66312500,1704241770464,False
27257156,44883.27000000,0.00032000,14.36264640,1704241771786,True
27257157,44910.30000000,0.00011000,4.94013300,1704241776069,False
27257158,44910.30000000,0.00032000,14.37129600,1704241777555,False
27257159,44910.30000000,0.00033000,14.82039900,1704241779723,False
27257160,44889.58000000,0.00032000,14.36466560,1704241783361,True
27257161,44889.69000000,0.00088000,39.50292720,1704241807465,True
27257162,44889.58000000,0.00622000,279.21318760,1704241809061,True
27257163,44874.70000000,0.00178000,79.87696600,1704241809061,True
27257164,44910.11000000,0.00008000,3.59280880,1704241820910,False
27257165,44910.11000000,0.00297000,133.38302670,1704241820910,False
27257166,44910.11000000,0.00219000,98.35314090,1704241869471,False
27257167,44910.29000000,0.00800000,359.28232000,1704241870471,False
27257168,44910.30000000,0.02700000,1212.57810000,1704241871471,False
27257169,44910.31000000,0.00022000,9.88026820,1704241871477,False
27257170,44910.32000000,0.02670000,1199.10554400,1704241871477,False
27257171,44921.11000000,0.00072000,32.34319920,1704241871477,False
27257172,44921.11000000,0.00072000,32.34319920,1704241871477,False
27257173,44921.43000000,0.00072000,32.34342960,1704241871477,False
27257174,44910.00000000,0.00622000,279.34020000,1704241874133,False
27257175,44931.10000000,0.00032000,14.37795200,1704241875769,False
27257176,44931.10000000,0.00003000,1.34793300,1704241883139,False
27257177,44937.61000000,0.00069000,31.00695090,1704241883139,False
27257178,44937.61000000,0.00072000,32.35507920,1704241883154,False
27257179,44937.61000000,0.00072000,32.35507920,1704241883158,False
27257180,44937.71000000,0.00696000,312.76646160,1704241900265,False
27257181,44937.72000000,0.00072000,32.35515840,1704241901472,False
27257182,44939.50000000,0.00072000,32.35644000,1704241901796,False
27257183,44945.18000000,0.00300000,134.83554000,1704241902475,False
27257184,44946.28000000,0.00072000,32.36132160,1704241903473,False
27257185,44946.30000000,0.00072000,32.36133600,1704241904472,False
27257186,44909.32000000,0.00032000,14.37098240,1704241904634,True
27257187,44946.44000000,0.00072000,32.36143680,1704241904986,False
27257188,44952.03000000,0.00214000,96.19734420,1704241905134,False
27257189,44952.03000000,0.00800000,359.61624000,1704241905252,False
27257190,44952.04000000,0.01860000,836.10794400,1704241905252,False
27257191,44952.04000000,0.00800000,359.61632000,1704241905475,False
27257192,44946.76000000,0.00072000,32.36166720,1704241905828,False
27257193,44950.76000000,0.00072000,32.36454720,1704241906448,False
27257194,44952.28000000,0.00072000,32.36564160,1704241906473,False
27257195,44954.02000000,0.00003000,1.34862060,1704241906836,False
27257196,44958.48000000,0.00045000,20.23131600,1704241906836,False
27257197,44958.77000000,0.00024000,10.79010480,1704241906836,False
27257198,44958.77000000,0.00051000,22.92897270,1704241907474,False
27257199,44958.77000000,0.00075000,33.71907750,1704241907474,False
27257200,44958.77000000,0.00075000,33.71907750,1704241907474,False
27257201,44958.78000000,0.00075000,33.71908500,1704241907816,False
27257202,44960.00000000,0.01002000,450.49920000,1704241907923,False
27257203,44963.12000000,0.00072000,32.37344640,1704241908210,False
27257204,44963.12000000,0.00072000,32.37344640,1704241908268,False
27257205,44963.12000000,0.00057000,25.62897840,1704241908441,False
27257206,44963.27000000,0.00072000,32.37355440,1704241908476,False
27257207,44965.86000000,0.00072000,32.37541920,1704241909472,False
27257208,44966.67000000,0.00019000,8.54366730,1704241909523,False
27257209,44968.04000000,0.00029000,13.04073160,1704241909634,False
27257210,44968.86000000,0.00359000,161.43820740,1704241909694,False
27257211,44969.85000000,0.00049000,22.03522650,1704241910475,False
27257212,44958.78000000,0.00003000,1.34876340,1704241910545,True
27257213,44970.78000000,0.02660000,1196.22274800,1704241911342,False
27257214,44972.22000000,0.00019000,8.54472180,1704241912474,False
27257215,44972.39000000,0.00072000,32.38012080,1704241913472,False
27257216,44973.67000000,0.00223000,100.29128410,1704241914553,False
27257217,44976.13000000,0.00072000,32.38281360,1704241914759,False
27257218,44976.13000000,0.00032000,14.39236160,1704241916909,False
27257219,44976.13000000,0.00005000,2.24880650,1704241919389,False
27257220,44958.78000000,0.00042000,18.88268760,1704241920111,True
27257221,44958.78000000,0.00008000,3.59670240,1704241920111,True
27257222,44976.13000000,0.00003000,1.34928390,1704241923052,False
27257223,44976.13000000,0.00045000,20.23925850,1704241923196,False
27257224,44976.13000000,0.00031000,13.94260030,1704241924599,False
27257225,44976.13000000,0.00076000,34.18185880,1704241924599,False
27257226,44977.45000000,0.00072000,32.38376400,1704241926131,False
27257227,44977.75000000,0.00035000,15.74221250,1704241927150,False
27257228,44967.50000000,0.00032000,14.38960000,1704241928994,True
27257229,44977.92000000,0.00072000,32.38410240,1704241930942,False
27257230,44980.00000000,0.00003000,1.34940000,1704241931615,False
27257231,44980.00000000,0.00160000,71.96800000,1704241932217,False
27257232,44994.57000000,0.00072000,32.39609040,1704241933347,False
27257233,44994.57000000,0.00072000,32.39609040,1704241938048,False
27257234,44994.57000000,0.00032000,14.39826240,1704241940941,False
27257235,44994.57000000,0.00124000,55.79326680,1704241944095,False
27257236,44994.68000000,0.00072000,32.39616960,1704241945387,False
27257237,44991.90000000,0.00032000,14.39740800,1704241947197,True
27257238,44991.90000000,0.00012000,5.39902800,1704241947972,True
27257239,44997.21000000,0.00220000,98.99386200,1704241958675,True
27257240,44998.99000000,0.00072000,32.39927280,1704241966870,False
27257241,44999.28000000,0.00072000,32.39948160,1704241967875,False
27257242,44999.28000000,0.00072000,32.39948160,1704241967875,False
27257243,45000.00000000,0.00003000,1.35000000,1704241968912,False
27257244,44995.65000000,0.00009000,4.04960850,1704241969038,True
27257245,45002.46000000,0.00100000,45.00246000,1704241969954,False
27257246,45003.42000000,0.00015000,6.75051300,1704241971009,False
27257247,45005.31000000,0.00072000,32.40382320,1704241972110,False
27257248,45007.00000000,0.00007000,3.15049000,1704241973019,False
27257249,45007.00000000,0.00007000,3.15049000,1704241973019,False
27257250,45007.00000000,0.00058000,26.10406000,1704241973019,False
27257251,45007.00000000,0.00159000,71.56113000,1704241973549,False
27257252,44997.90000000,0.00135000,60.74716500,1704241979479,True
27257253,44997.90000000,0.00135000,60.74716500,1704241979802,True
27257254,44997.90000000,0.00030000,13.49937000,1704241980126,True
27257255,45003.60000000,0.00004000,1.80014400,1704241983983,True
27257256,45003.60000000,0.00033000,14.85118800,1704241991115,True
27257257,45009.31000000,0.00023000,10.35214130,1704241992231,False
27257258,45006.46000000,0.01089000,490.12034940,1704241996399,True
27257259,45003.61000000,0.00033000,14.85119130,1704241997514,True
27257260,45010.00000000,0.00033000,14.85330000,1704241999048,False
27257261,45010.00000000,0.00039000,17.55390000,1704241999048,False
27257262,45003.95000000,0.02654000,1194.40483300,1704242011966,True
27257263,45003.95000000,0.00873000,392.88448350,1704242011966,True
27257264,44997.91000000,0.00800000,359.98328000,1704242011966,True
27257265,44997.90000000,0.00772000,347.38378800,1704242011966,True
27257266,44980.76000000,0.00011000,4.94788360,1704242018510,True
27257267,45009.98000000,0.00032000,14.40319360,1704242019414,False
27257268,45009.99000000,0.00040000,18.00399600,1704242019414,False
27257269,44981.43000000,0.00331000,148.88853330,1704242022385,True
27257270,45009.99000000,0.00054000,24.30539460,1704242052039,False
27257271,45009.99000000,0.00006000,2.70059940,1704242052808,False
27257272,45009.99000000,0.00066000,29.70659340,1704242052808,False
27257273,45009.99000000,0.00072000,32.40719280,1704242052845,False
27257274,45009.99000000,0.00072000,32.40719280,1704242052887,False
27257275,45009.98000000,0.00100000,45.00998000,1704242108195,False
27257276,45009.99000000,0.00025000,11.25249750,1704242108195,False
27257277,45009.99000000,0.00200000,90.01998000,1704242109760,False
27257278,45009.99000000,0.00032000,14.40319680,1704242126921,False
27257279,45009.99000000,0.00005000,2.25049950,1704242169533,False
27257280,45010.00000000,0.00076000,34.20760000,1704242169799,False
27257281,45011.45000000,0.00201000,90.47301450,1704242169799,False
27257282,45012.06000000,0.00072000,32.40868320,1704242169799,False
27257283,45013.78000000,0.00072000,32.40992160,1704242169799,False
27257284,45014.24000000,0.00035000,15.75498400,1704242169799,False
27257285,45014.51000000,0.00019000,8.55275690,1704242169799,False
27257286,45014.55000000,0.00072000,32.41047600,1704242169799,False
27257287,45015.00000000,0.00048000,21.60720000,1704242169799,False
27257288,45016.02000000,0.00059000,26.55945180,1704242169799,False
27257289,45016.95000000,0.00072000,32.41220400,1704242169799,False
27257290,45017.00000000,0.00164000,73.82788000,1704242169799,False
27257291,45016.99000000,0.00003000,1.35050970,1704242179391,False
27257292,45016.99000000,0.00012000,5.40203880,1704242184510,False
27257293,45009.98000000,0.00038000,17.10379240,1704242197759,True
27257294,45009.98000000,0.00876000,394.28742480,1704242198353,True
27257295,45002.46000000,0.00100000,45.00246000,1704242234261,False
27257296,45005.93000000,0.00083000,37.35492190,1704242234261,False
27257297,45016.22000000,0.00020000,9.00324400,1704242272513,False
27257298,45016.22000000,0.00080000,36.01297600,1704242293862,False
27257299,45016.23000000,0.00008000,3.60129840,1704242293862,False
27257300,45017.00000000,0.00022000,9.90374000,1704242293862,False
27257301,44988.68000000,0.00193000,86.82815240,1704242309091,True
27257302,45017.00000000,0.00054000,24.30918000,1704242309827,False
27257303,45017.21000000,0.00018000,8.10309780,1704242309827,False
27257304,45017.21000000,0.00129000,58.07220090,1704242310501,False
27257305,45018.00000000,0.01000000,450.18000000,1704242311500,False
27257306,45022.52000000,0.00072000,32.41621440,1704242311854,False
27257307,45022.52000000,0.00800000,360.18016000,1704242312500,False
27257308,45022.52000000,0.00800000,360.18016000,1704242313500,False
27257309,45022.52000000,0.00800000,360.18016000,1704242314099,False
27257310,45022.52000000,0.00800000,360.18016000,1704242314501,False
27257311,45022.52000000,0.00300000,135.06756000,1704242315501,False
27257312,45022.53000000,0.10148000,4568.88634440,1704242316501,False
27257313,45024.45000000,0.00035000,15.75855750,1704242322942,False
27257314,45025.00000000,0.00037000,16.65925000,1704242322942,False
27257315,45024.99000000,0.00044000,19.81099560,1704242325591,False
27257316,45024.99000000,0.00056000,25.21399440,1704242326823,False
27257317,45025.00000000,0.00016000,7.20400000,1704242326823,False
27257318,45021.27000000,0.00055000,24.76169850,1704242335595,False
27257319,45021.24000000,0.00089000,40.06890360,1704242367223,False
27257320,45024.97000000,0.00044000,19.81098680,1704242402668,False
27257321,45024.97000000,0.00026000,11.70649220,1704242405364,False
27257322,45024.97000000,0.00028000,12.60699160,1704242424508,False
27257323,45025.00000000,0.00061000,27.46525000,1704242425508,False
27257324,45025.00000000,0.45974000,20699.79350000,1704242425508,False
27257325,45025.13000000,0.00049000,22.06231370,1704242427507,False
27257326,45026.17000000,0.00072000,32.41884240,1704242428509,False
27257327,45027.51000000,0.00040000,18.01100400,1704242429507,False
27257328,45027.52000000,0.00045000,20.26238400,1704242430811,False
27257329,45030.00000000,0.00027000,12.15810000,1704242430811,False
27257330,45030.00000000,0.00072000,32.42160000,1704242431809,False
27257331,45030.00000000,0.02122000,955.53660000,1704242436101,False
27257332,45030.17000000,0.00072000,32.42172240,1704242437123,False
27257333,45030.65000000,0.00072000,32.42206800,1704242438147,False
27257334,45030.76000000,0.00072000,32.42214720,1704242439187,False
27257335,45032.29000000,0.00040000,18.01291600,1704242440295,False
27257336,45035.45000000,0.00072000,32.42552400,1704242446441,False
27257337,45037.25000000,0.00029000,13.06080250,1704242450555,False
27257338,45037.50000000,0.00072000,32.42700000,1704242450581,False
27257339,45037.53000000,0.00024000,10.80900720,1704242451513,False
27257340,45037.53000000,0.00005000,2.25187650,1704242451513,False
27257341,45041.19000000,0.00072000,32.42965680,1704242455628,False
27257342,45017.12000000,0.00020000,9.00342400,1704242460106,True
27257343,45029.18000000,0.02654000,1195.07443720,1704242463456,False
27257344,45029.18000000,0.01207000,543.50220260,1704242463456,False
27257345,45029.18000000,0.01089000,490.36777020,1704242463456,False
27257346,45041.19000000,0.00024000,10.80988560,1704242466633,False
27257347,45041.20000000,0.00072000,32.42966400,1704242467512,False
27257348,45041.48000000,0.00072000,32.42986560,1704242468511,False
27257349,45041.50000000,0.00072000,32.42988000,1704242469511,False
27257350,45043.08000000,0.00072000,32.43101760,1704242472511,False
27257351,45043.67000000,0.00005000,2.25218350,1704242473237,False
27257352,45043.67000000,0.00003000,1.35131010,1704242473237,False
27257353,45043.67000000,0.00045000,20.26965150,1704242473237,False
27257354,45043.87000000,0.00072000,32.43158640,1704242473512,False
27257355,45044.01000000,0.00058000,26.12552580,1704242474260,False
27257356,45044.06000000,0.00072000,32.43172320,1704242474511,False
27257357,45044.06000000,0.00600000,270.26436000,1704242474511,False
27257358,45044.21000000,0.00072000,32.43183120,1704242475510,False
27257359,45044.77000000,0.00072000,32.43223440,1704242476203,False
27257360,45045.03000000,0.00008000,3.60360240,1704242476512,False
27257361,45045.24000000,0.00072000,32.43257280,1704242477511,False
27257362,45046.17000000,0.00023000,10.36061910,1704242478386,False
27257363,45047.49000000,0.00019000,8.55902310,1704242478386,False
27257364,45047.54000000,0.00003000,1.35142620,1704242478386,False
27257365,45048.12000000,0.00027000,12.16299240,1704242478386,False
27257366,45019.37000000,0.00032000,14.40619840,1704242481745,True
27257367,45048.12000000,0.00072000,32.43464640,1704242482887,False
27257368,45048.12000000,0.00004000,1.80192480,1704242483167,False
27257369,45048.00000000,0.00005000,2.25240000,1704242519620,False
27257370,45048.00000000,0.00045000,20.27160000,1704242519778,False
27257371,45048.00000000,0.00003000,1.35144000,1704242520187,False
27257372,45048.00000000,0.00003000,1.35144000,1704242520604,False
27257373,45048.00000000,0.00032000,14.41536000,1704242521115,False
27257374,45048.00000000,0.00520000,234.24960000,1704242528766,False
27257375,45048.12000000,0.00076000,34.23657120,1704242529807,False
27257376,45048.78000000,0.00003000,1.35146340,1704242530817,False
27257377,45048.96000000,0.00072000,32.43525120,1704242531823,False
27257378,45049.77000000,0.00193000,86.94605610,1704242532840,False
27257379,45049.87000000,0.00072000,32.43590640,1704242533848,False
27257380,45053.35000000,0.00072000,32.43841200,1704242534865,False
27257381,45047.22000000,0.00032000,14.41511040,1704242535057,True
27257382,45053.35000000,0.00528000,237.88168800,1704242536104,False
27257383,45055.32000000,0.00072000,32.43983040,1704242536856,False
27257384,45047.23000000,0.00003000,1.35141690,1704242537038,True
27257385,45055.32000000,0.00032000,14.41770240,1704242540705,False
27257386,45044.65000000,0.00005000,2.25223250,1704242541834,True
27257387,45055.32000000,0.00072000,32.43983040,1704242548249,False
27257388,45044.65000000,0.00011000,4.95491150,1704242557507,True
27257389,45055.32000000,0.00005000,2.25276600,1704242560235,False
27257390,45044.66000000,0.00082000,36.93662120,1704242560461,True
27257391,45052.67000000,0.00030000,13.51580100,1704242580099,True
27257392,45044.65000000,0.00030000,13.51339500,1704242585440,True
27257393,45055.32000000,0.00419000,188.78179080,1704242598709,False
27257394,45055.32000000,0.00076000,34.24204320,1704242598709,False
27257395,45055.61000000,0.00022000,9.91223420,1704242598709,False
27257396,45055.90000000,0.00072000,32.44024800,1704242598709,False
27257397,45056.87000000,0.00008000,3.60454960,1704242598709,False
27257398,45056.88000000,0.00072000,32.44095360,1704242598709,False
27257399,45058.46000000,0.00072000,32.44209120,1704242598709,False
27257400,45058.84000000,0.00072000,32.44236480,1704242598709,False
27257401,45058.93000000,0.00072000,32.44242960,1704242598709,False
27257402,45059.71000000,0.00072000,32.44299120,1704242598709,False
27257403,45059.83000000,0.00201000,90.57025830,1704242598709,False
27257404,45059.91000000,0.00072000,32.44313520,1704242598709,False
27257405,45060.61000000,0.00100000,45.06061000,1704242598709,False
27257406,45060.62000000,0.01326000,597.50382120,1704242598709,False
27257407,45047.16000000,0.00032000,14.41509120,1704242600181,True
27257408,45060.61000000,0.00008000,3.60484880,1704242600840,False
27257409,45063.22000000,0.00064000,28.84046080,1704242600840,False
27257410,45060.19000000,0.00044000,19.82648360,1704242612554,True
27257411,45063.22000000,0.00072000,32.44551840,1704242613856,False
27257412,45063.22000000,0.00072000,32.44551840,1704242614839,False
27257413,45063.22000000,0.00032000,14.42023040,1704242616585,False
27257414,45057.17000000,0.00404000,182.03096680,1704242617087,True
27257415,45060.22000000,0.00640000,288.38540800,1704242623522,True
27257416,45060.22000000,0.01163000,524.05035860,1704242623522,True
27257417,45063.22000000,0.00119000,53.62523180,1704242623764,False
27257418,45063.22000000,0.00076000,34.24804720,1704242623764,False
27257419,45063.22000000,0.00076000,34.24804720,1704242623764,False
27257420,45063.35000000,0.00072000,32.44561200,1704242623764,False
27257421,45063.39000000,0.00008000,3.60507120,1704242623764,False
27257422,45064.02000000,0.00072000,32.44609440,1704242623764,False
27257423,45064.61000000,0.00158000,71.20208380,1704242623764,False
27257424,45057.22000000,0.00032000,14.41831040,1704242626397,True
27257425,45064.61000000,0.00032000,14.42067520,1704242632003,False
27257426,45064.61000000,0.00017000,7.66098370,1704242632320,False
27257427,45064.61000000,0.00393000,177.10391730,1704242635305,False
27257428,45064.79000000,0.00072000,32.44664880,1704242636316,False
27257429,45058.29000000,0.00168000,75.69792720,1704242636515,True
27257430,45064.61000000,0.00033000,14.87132130,1704242637333,False
27257431,45058.32000000,0.00032000,14.41866240,1704242637702,True
27257432,45064.61000000,0.00069000,31.09458090,1704242638346,False
27257433,45065.30000000,0.00012000,5.40783600,1704242639361,False
27257434,45065.66000000,0.00072000,32.44727520,1704242640369,False
27257435,45065.76000000,0.00072000,32.44734720,1704242640525,False
27257436,45066.59000000,0.00600000,270.39954000,1704242640532,False
27257437,45066.81000000,0.00072000,32.44810320,1704242640585,False
27257438,45067.31000000,0.01392000,627.33695520,1704242640609,False
27257439,45067.80000000,0.00072000,32.44881600,1704242640679,False
27257440,45068.00000000,0.00072000,32.44896000,1704242640703,False
27257441,45068.33000000,0.00072000,32.44919760,1704242640707,False
27257442,45068.72000000,0.00072000,32.44947840,1704242640707,False
27257443,45068.83000000,0.00003000,1.35206490,1704242640707,False
27257444,45071.20000000,0.00035000,15.77492000,1704242640707,False
27257445,45073.02000000,0.00007000,3.15511140,1704242640707,False
27257446,45073.33000000,0.00010000,4.50733300,1704242640707,False
27257447,45074.00000000,0.00654000,294.78396000,1704242640707,False
27257448,45075.00000000,0.00999000,450.29925000,1704242640707,False
27257449,45075.88000000,0.00600000,270.45528000,1704242640707,False
27257450,45076.81000000,0.00072000,32.45530320,1704242640925,False
27257451,45077.17000000,0.00026000,11.72006420,1704242641233,False
27257452,45077.17000000,0.00010000,4.50771700,1704242641233,False
27257453,45077.85000000,0.00600000,270.46710000,1704242641296,False
27257454,45078.02000000,0.00072000,32.45617440,1704242641296,False
27257455,45080.34000000,0.00072000,32.45784480,1704242641296,False
27257456,45080.40000000,0.00049000,22.08939600,1704242641296,False
27257457,45080.57000000,0.00014000,6.31127980,1704242641296,False
27257458,45080.57000000,0.00008000,3.60644560,1704242641296,False
27257459,45081.02000000,0.00051000,22.99132020,1704242641296,False
27257460,45081.54000000,0.00072000,32.45870880,1704242641296,False
27257461,45081.61000000,0.00072000,32.45875920,1704242641296,False
27257462,45082.06000000,0.00072000,32.45908320,1704242641524,False
27257463,45082.41000000,0.00072000,32.45933520,1704242642013,False
27257464,45082.59000000,0.00072000,32.45946480,1704242642013,False
27257465,45082.68000000,0.00093000,41.92689240,1704242642013,False
27257466,45084.20000000,0.00072000,32.46062400,1704242642013,False
27257467,45084.47000000,0.00072000,32.46081840,1704242642013,False
27257468,45084.59000000,0.00003000,1.35253770,1704242642125,False
27257469,45084.59000000,0.00012000,5.41015080,1704242642125,False
27257470,45085.17000000,0.00009000,4.05766530,1704242642380,False
27257471,45085.23000000,0.00072000,32.46136560,1704242642523,False
27257472,45085.34000000,0.00004000,1.80341360,1704242642531,False
27257473,45085.56000000,0.00072000,32.46160320,1704242642531,False
27257474,45086.56000000,0.00051000,22.99414560,1704242642531,False
27257475,45087.13000000,0.00150000,67.63069500,1704242642531,False
27257476,45087.14000000,0.49975000,22532.29821500,1704242642531,False
27257477,45087.14000000,0.47839000,21569.23690460,1704242643055,False
27257478,45087.14000000,0.00072000,32.46274080,1704242643089,False
27257479,45087.14000000,0.00072000,32.46274080,1704242643201,False
27257480,45087.14000000,0.05005000,2256.61135700,1704242643396,False
27257481,45087.15000000,0.00600000,270.52290000,1704242643525,False
27257482,45088.76000000,0.00072000,32.46390720,1704242643808,False
27257483,45088.87000000,0.00055000,24.79887850,1704242643808,False
27257484,45089.13000000,0.00600000,270.53478000,1704242643808,False
27257485,45089.88000000,0.00072000,32.46471360,1704242643808,False
27257486,45090.32000000,0.00072000,32.46503040,1704242643808,False
27257487,45090.94000000,0.00072000,32.46547680,1704242643808,False
27257488,45092.25000000,0.00010000,4.50922500,1704242643808,False
27257489,45093.43000000,0.00072000,32.46726960,1704242643808,False
27257490,45093.50000000,0.00299000,134.82956500,1704242643808,False
27257491,45094.54000000,0.00967000,436.06420180,1704242643808,False
27257492,45096.56000000,0.00045000,20.29345200,1704242643808,False
27257493,45096.69000000,0.00020000,9.01933800,1704242643808,False
27257494,45097.47000000,0.00413000,186.25255110,1704242643808,False
27257495,45097.56000000,0.00003000,1.35292680,1704242643808,False
27257496,45098.26000000,0.00145000,65.39247700,1704242643808,False
27257497,45098.43000000,0.00575000,259.31597250,1704242643808,False
27257498,45098.48000000,0.00008000,3.60787840,1704242643808,False
27257499,45099.08000000,0.00213000,96.06104040,1704242643808,False
27257500,45099.89000000,0.00004000,1.80399560,1704242644406,False
27257501,45099.91000000,0.02660000,1199.65760600,1704242645525,False
27257502,45100.00000000,0.00108000,48.70800000,1704242646524,False
27257503,45100.00000000,0.00100000,45.10000000,1704242646524,False
27257504,45100.13000000,0.00072000,32.47209360,1704242646878,False
27257505,45100.40000000,0.00216000,97.41686400,1704242646996,False
27257506,45087.94000000,0.00004000,1.80351760,1704242649244,True
27257507,45087.95000000,0.00640000,288.56288000,1704242649390,True
27257508,45100.40000000,0.00088000,39.68835200,1704242649460,False
27257509,45087.96000000,0.00006000,2.70527760,1704242650462,True
27257510,45087.97000000,0.00219000,98.74265430,1704242651858,True
27257511,45100.40000000,0.00296000,133.49718400,1704242652749,False
27257512,45104.54000000,0.00038000,17.13972520,1704242653994,False
27257513,45100.40000000,0.00008000,3.60803200,1704242654462,True
27257514,45105.11000000,0.00286000,129.00061460,1704242654525,False
27257515,45105.27000000,0.00118000,53.22421860,1704242655524,False
27257516,45105.49000000,0.00205000,92.46625450,1704242656014,False
27257517,45106.54000000,0.00011000,4.96171940,1704242656524,False
27257518,45106.55000000,0.00072000,32.47671600,1704242657030,False
27257519,45107.27000000,0.00072000,32.47723440,1704242657524,False
27257520,45107.34000000,0.00067000,30.22191780,1704242658068,False
27257521,45107.94000000,0.00072000,32.47771680,1704242658524,False
27257522,45108.26000000,0.00201000,90.66760260,1704242659117,False
27257523,45108.48000000,0.00072000,32.47810560,1704242659233,False
27257524,45108.52000000,0.00072000,32.47813440,1704242659233,False
27257525,45108.52000000,0.00072000,32.47813440,1704242659233,False
27257526,45108.95000000,0.00211000,95.17988450,1704242659233,False
27257527,45109.43000000,0.00072000,32.47878960,1704242659233,False
27257528,45110.42000000,0.00072000,32.47950240,1704242659524,False
27257529,45110.48000000,0.00358000,161.49551840,1704242660126,False
27257530,45110.48000000,0.00600000,270.66288000,1704242660126,False
27257531,45110.48000000,0.00072000,32.47954560,1704242660126,False
27257532,45110.49000000,0.00072000,32.47955280,1704242660196,False
27257533,45105.52000000,0.00004000,1.80422080,1704242660468,True
27257534,45111.68000000,0.00600000,270.67008000,1704242660526,False
27257535,45106.55000000,0.05795000,2613.92457250,1704242661117,False
27257536,45113.07000000,0.00072000,32.48141040,1704242661117,False
27257537,45115.29000000,0.00030000,13.53458700,1704242661117,False
27257538,45115.64000000,0.00003000,1.35346920,1704242661117,False
27257539,45115.64000000,0.00005000,2.25578200,1704242661117,False
27257540,45115.64000000,0.00045000,20.30203800,1704242661117,False
27257541,45115.64000000,0.00003000,1.35346920,1704242661117,False
27257542,45118.41000000,0.00072000,32.48525520,1704242661525,False
27257543,45119.10000000,0.00040000,18.04764000,1704242662141,False
27257544,45120.00000000,0.00033000,14.88960000,1704242662525,False
27257545,45120.45000000,0.00072000,32.48672400,1704242663162,False
27257546,45121.25000000,0.00072000,32.48730000,1704242663527,False
27257547,45121.77000000,0.00600000,270.73062000,1704242664168,False
27257548,45122.96000000,0.00600000,270.73776000,1704242664526,False
27257549,45123.09000000,0.00650000,293.30008500,1704242665202,False
27257550,45123.11000000,0.00072000,32.48863920,1704242666213,False
27257551,45123.37000000,0.02670000,1204.79397900,1704242666525,False
27257552,45124.42000000,0.00086000,38.80700120,1704242667663,False
27257553,45125.00000000,0.00048000,21.66000000,1704242668236,False
27257554,45127.26000000,0.00024000,10.83054240,1704242668236,False
27257555,45111.78000000,0.00635000,286.45980300,1704242668398,True
27257556,45123.37000000,0.00075000,33.84252750,1704242668672,False
27257557,45127.26000000,0.02626000,1185.04184760,1704242669683,False
27257558,45128.39000000,0.00072000,32.49244080,1704242670707,False
27257559,45121.25000000,0.00145000,65.42581250,1704242671526,False
27257560,45129.00000000,0.06768000,3054.33072000,1704242671726,False
27257561,45129.99000000,0.00091000,41.06829090,1704242672756,False
27257562,45130.00000000,0.00055000,24.82150000,1704242673208,False
27257563,45130.00000000,0.00012000,5.41560000,1704242673285,False
27257564,45130.00000000,0.00003000,1.35390000,1704242673513,False
27257565,45116.58000000,0.00023000,10.37681340,1704242673675,True
27257566,45130.00000000,0.00928000,418.80640000,1704242673768,False
27257567,45130.94000000,0.00072000,32.49427680,1704242674026,False
27257568,45133.05000000,0.00020000,9.02661000,1704242674026,False
27257569,45133.05000000,0.00580000,261.77169000,1704242677159,False
27257570,45133.48000000,0.00045000,20.31006600,1704242678139,False
27257571,45133.48000000,0.00027000,12.18603960,1704242678179,False
27257572,45133.48000000,0.00072000,32.49610560,1704242678179,False
27257573,45134.25000000,0.00003000,1.35402750,1704242678610,False
27257574,45134.25000000,0.00003000,1.35402750,1704242678673,False
27257575,45133.05000000,0.00012000,5.41596600,1704242678919,True
27257576,45133.05000000,0.00012000,5.41596600,1704242678919,True
27257577,45133.05000000,0.00005000,2.25665250,1704242678919,True
27257578,45124.89000000,0.00240000,108.29973600,1704242678919,True
27257579,45134.25000000,0.00594000,268.09744500,1704242679186,False
27257580,45135.68000000,0.00049000,22.11648320,1704242680211,False
27257581,45124.90000000,0.00003000,1.35374700,1704242680355,True
27257582,45133.48000000,0.00109000,49.19549320,1704242681579,False
27257583,45138.07000000,0.00072000,32.49941040,1704242682612,False
27257584,45138.67000000,0.00061000,27.53458870,1704242683127,False
27257585,45143.05000000,0.00011000,4.96573550,1704242683127,False
27257586,45143.05000000,0.00072000,32.50299600,1704242683217,False
27257587,45143.05000000,0.00072000,32.50299600,1704242683266,False
27257588,45143.05000000,0.00072000,32.50299600,1704242683312,False
27257589,45131.57000000,0.00006000,2.70789420,1704242684878,True
27257590,45137.32000000,0.00004000,1.80549280,1704242687321,True
27257591,45137.32000000,0.00075000,33.85299000,1704242687395,True
27257592,45137.32000000,0.00650000,293.39258000,1704242687622,True
27257593,45137.32000000,0.00273000,123.22488360,1704242687850,True
27257594,45143.04000000,0.00072000,32.50298880,1704242688244,False
27257595,45137.32000000,0.00097000,43.78320040,1704242688527,True
27257596,45143.05000000,0.00072000,32.50299600,1704242699170,False
27257597,45143.05000000,0.00075000,33.85728750,1704242699170,False
27257598,45144.13000000,0.00072000,32.50377360,1704242699862,False
27257599,45136.46000000,0.00070000,31.59552200,1704242700098,True
27257600,45144.13000000,0.00005000,2.25720650,1704242700185,False
27257601,45144.34000000,0.00600000,270.86604000,1704242701200,False
27257602,45143.05000000,0.00327000,147.61777350,1704242702215,False
27257603,45145.53000000,0.00600000,270.87318000,1704242703220,False
27257604,45145.52000000,0.00089000,40.17951280,1704242704233,False
27257605,45141.00000000,0.01071000,483.46011000,1704242704415,True
27257606,45146.34000000,0.00003000,1.35439020,1704242705274,False
27257607,45145.44000000,0.00024000,10.83490560,1704242709488,True
27257608,45136.29000000,0.00005000,2.25681450,1704242716706,True
27257609,45136.29000000,0.00017000,7.67316930,1704242716851,True
27257610,45149.88000000,0.00072000,32.50791360,1704242718089,False
27257611,45136.40000000,0.00365000,164.74786000,1704242728619,True
27257612,45122.59000000,0.00030000,13.53677700,1704242729793,True
27257613,45149.85000000,0.00008000,3.61198800,1704242731117,False
27257614,45149.86000000,0.00064000,28.89591040,1704242731117,False
27257615,45149.85000000,0.00045000,20.31743250,1704242735365,True
27257616,45143.43000000,0.00008000,3.61147440,1704242744362,False
27257617,45143.43000000,0.00015000,6.77151450,1704242744362,False
27257618,45131.04000000,0.00650000,293.35176000,1704242748189,False
27257619,45131.05000000,0.00350000,157.95867500,1704242748189,False
27257620,45131.04000000,0.00072000,32.49434880,1704242748874,False
27257621,45131.03000000,0.00072000,32.49434160,1704242748913,False
27257622,45097.60000000,0.00044000,19.84294400,1704242750111,True
27257623,45097.60000000,0.00044000,19.84294400,1704242750412,True
27257624,45131.00000000,0.00072000,32.49432000,1704242750852,False
27257625,45097.60000000,0.00044000,19.84294400,1704242751151,True
27257626,45100.06000000,0.00218000,98.31813080,1704242754381,True
27257627,45100.06000000,0.00219000,98.76913140,1704242754421,True
27257628,45100.10000000,0.00003000,1.35300300,1704242755450,True
27257629,45131.02000000,0.00008000,3.61048160,1704242761052,False
27257630,45136.29000000,0.05099000,2301.49942710,1704242761059,True
27257631,45136.29000000,0.00409000,184.60742610,1704242761063,True
27257632,45129.95000000,0.00017000,7.67209150,1704242779255,False
27257633,45129.94000000,0.00020000,9.02598800,1704242793965,False
27257634,45129.95000000,0.00070000,31.59096500,1704242794881,False
27257635,45140.00000000,0.00002000,0.90280000,1704242794881,False
27257636,45117.20000000,0.00162000,73.08986400,1704242799422,True
27257637,45140.00000000,0.00020000,9.02800000,1704242804068,False
27257638,45140.00000000,0.00072000,32.50080000,1704242808045,False
27257639,45140.00000000,0.00006000,2.70840000,1704242810542,False
27257640,45150.00000000,0.00014000,6.32100000,1704242810542,False
27257641,45150.00000000,0.00020000,9.03000000,1704242815476,False
27257642,45150.00000000,0.00020000,9.03000000,1704242818271,False
27257643,45150.00000000,0.00021000,9.48150000,1704242819634,False
27257644,45150.00000000,0.00232000,104.74800000,1704242819634,False
27257645,45150.00000000,0.00511000,230.71650000,1704242819634,False
27257646,45151.25000000,0.00085000,38.37856250,1704242826828,False
27257647,45151.26000000,0.00072000,32.50890720,1704242826963,False
27257648,45154.16000000,0.00072000,32.51099520,1704242827539,False
27257649,45154.59000000,0.00072000,32.51130480,1704242828536,False
27257650,45154.78000000,0.00072000,32.51144160,1704242828912,False
27257651,45155.00000000,0.00020000,9.03100000,1704242830060,False
27257652,45156.75000000,0.00200000,90.31350000,1704242831065,False
27257653,45156.82000000,0.00600000,270.94092000,1704242832082,False
27257654,45156.82000000,0.00600000,270.94092000,1704242832082,False
27257655,45157.79000000,0.00358000,161.66488820,1704242833093,False
27257656,45160.70000000,0.00072000,32.51570400,1704242834127,False
27257657,45161.51000000,0.00077000,34.77436270,1704242835134,False
27257658,45162.64000000,0.00072000,32.51710080,1704242836141,False
27257659,45162.64000000,0.00072000,32.51710080,1704242836141,False
27257660,45164.83000000,0.00035000,15.80769050,1704242837157,False
27257661,45165.60000000,0.00045000,20.32452000,1704242838165,False
27257662,45167.27000000,0.00072000,32.52043440,1704242839191,False
27257663,45167.32000000,0.00027000,12.19517640,1704242840268,False
27257664,45167.32000000,0.00028000,12.64684960,1704242840268,False
27257665,45167.77000000,0.00110000,49.68454700,1704242841291,False
27257666,45167.99000000,0.00072000,32.52095280,1704242843325,False
27257667,45167.99000000,0.00072000,32.52095280,1704242843325,False
27257668,45168.11000000,0.00600000,271.00866000,1704242843537,False
27257669,45168.11000000,0.00600000,271.00866000,1704242843537,False
27257670,45168.86000000,0.00072000,32.52157920,1704242844353,False
27257671,45142.82000000,0.00031000,13.99427420,1704242848624,True
27257672,45169.08000000,0.00050000,22.58454000,1704242849778,False
27257673,45170.00000000,0.00086000,38.84620000,1704242852605,True
27257674,45172.39000000,0.00029000,13.09999310,1704242853507,False
27257675,45170.00000000,0.00020000,9.03400000,1704242854105,True
27257676,45175.00000000,0.00020000,9.03500000,1704242854717,False
27257677,45170.00000000,0.00513000,231.72210000,1704242854819,True
27257678,45142.84000000,0.00664000,299.74845760,1704242854819,True
27257679,45142.82000000,0.00800000,361.14256000,1704242854819,True
27257680,45142.81000000,0.01219000,550.29085390,1704242854819,True
27257681,45175.12000000,0.00007000,3.16225840,1704242857630,False
27257682,45175.11000000,0.00007000,3.16225770,1704242858577,False
27257683,45175.11000000,0.00072000,32.52607920,1704242858861,False
27257684,45175.12000000,0.00083000,37.49534960,1704242867008,False
27257685,45175.13000000,0.00072000,32.52609360,1704242868027,False
27257686,45178.13000000,0.00008000,3.61425040,1704242869245,False
27257687,45179.41000000,0.00004000,1.80717640,1704242869245,False
27257688,45149.78000000,0.00020000,9.02995600,1704242870541,True
27257689,45179.40000000,0.00331000,149.54381400,1704242878147,False
27257690,45179.41000000,0.00596000,269.26928360,1704242878147,False
27257691,45179.41000000,0.00269000,121.53261290,1704242878147,False
27257692,45149.78000000,0.00010000,4.51497800,1704242880163,True
27257693,45149.78000000,0.00004000,1.80599120,1704242884522,True
27257694,45179.40000000,0.00008000,3.61435200,1704242889502,False
27257695,45179.41000000,0.00131000,59.18502710,1704242889502,False
27257696,45179.40000000,0.00081000,36.59531400,1704242900669,False
27257697,45179.41000000,0.00200000,90.35882000,1704242900669,False
27257698,45179.41000000,0.16893000,7632.15773130,1704242901265,True
27257699,45151.52000000,0.00056000,25.28485120,1704242902928,True
27257700,45151.52000000,0.00037000,16.70606240,1704242903061,True
27257701,45151.52000000,0.00056000,25.28485120,1704242903353,True
27257702,45178.90000000,0.00020000,9.03578000,1704242914145,False
27257703,45180.00000000,0.00008000,3.61440000,1704242926346,False
27257704,45160.00000000,0.00619000,279.54040000,1704242931054,False
27257705,45179.99000000,0.00008000,3.61439920,1704242935032,False
27257706,45179.97000000,0.00008000,3.61439760,1704242938256,False
27257707,45179.97000000,0.00009000,4.06619730,1704242938256,False
27257708,45130.88000000,0.00044000,19.85758720,1704242955200,True
27257709,45130.89000000,0.00044000,19.85759160,1704242955802,True
27257710,45172.77000000,0.00008000,3.61382160,1704242956129,False
27257711,45172.77000000,0.00067000,30.26575590,1704242956129,False
27257712,45179.97000000,0.00080000,36.14397600,1704242980989,False
27257713,45168.47000000,0.00072000,32.52129840,1704242982482,False
27257714,45172.47000000,0.00072000,32.52417840,1704242982526,False
27257715,45179.99000000,0.00728000,328.91032720,1704242982526,False
27257716,45179.99000000,0.00300000,135.53997000,1704242986127,False
27257717,45180.00000000,0.00002000,0.90360000,1704242987160,False
27257718,45180.00000000,0.10000000,4518.00000000,1704242987160,False
27257719,45180.42000000,0.00072000,32.52990240,1704242988172,False
27257720,45181.75000000,0.00023000,10.39180250,1704242989195,False
27257721,45157.57000000,0.00016000,7.22521120,1704242992598,True
27257722,45185.00000000,0.00072000,32.53320000,1704242993286,False
27257723,45158.22000000,0.00010000,4.51582200,1704243000119,True
27257724,45185.00000000,0.00221000,99.85885000,1704243000313,False
27257725,45158.28000000,0.28750000,12983.00550000,1704243001618,True
27257726,45185.00000000,0.00072000,32.53320000,1704243002866,False
27257727,45185.00000000,0.00072000,32.53320000,1704243002908,False
27257728,45185.00000000,0.00560000,253.03600000,1704243003043,False
27257729,45185.00000000,0.01946000,879.30010000,1704243003048,True
27257730,45185.00000000,0.00004000,1.80740000,1704243003048,True
27257731,45185.00000000,0.03453000,1560.23805000,1704243003133,True
27257732,45158.33000000,0.00044000,19.86966520,1704243003199,True
27257733,45158.34000000,0.00644000,290.81970960,1704243003653,True
27257734,45158.34000000,0.00290000,130.95918600,1704243003878,True
27257735,45185.98000000,0.00010000,4.51859800,1704243005285,False
27257736,45185.94000000,0.00008000,3.61487520,1704243022357,False
27257737,45185.94000000,0.00663000,299.58278220,1704243022357,False
27257738,45185.96000000,0.00078000,35.24504880,1704243022357,False
27257739,45185.96000000,0.00095000,42.92666200,1704243022357,False
27257740,45185.98000000,0.00067000,30.27460660,1704243022357,False
27257741,45185.98000000,0.00075000,33.88948500,1704243022357,False
27257742,45186.37000000,0.00005000,2.25931850,1704243022357,False
27257743,45186.60000000,0.00020000,9.03732000,1704243022357,False
27257744,45188.17000000,0.00072000,32.53548240,1704243022357,False
27257745,45188.17000000,0.00030000,13.55645100,1704243022357,False
27257746,45188.17000000,0.00006000,2.71129020,1704243022357,False
27257747,45188.26000000,0.00072000,32.53554720,1704243022357,False
27257748,45188.26000000,0.17098000,7726.28869480,1704243022357,False
27257749,45188.22000000,0.00005000,2.25941100,1704243025174,False
27257750,45154.60000000,0.00109000,49.21851400,1704243039365,True
27257751,45171.88000000,0.03600000,1626.18768000,1704243043179,False
27257752,45188.27000000,0.00044000,19.88283880,1704243045714,False
27257753,45188.27000000,0.00020000,9.03765400,1704243048309,False
27257754,45188.27000000,0.00008000,3.61506160,1704243050602,False
27257755,45188.27000000,0.00008000,3.61506160,1704243050602,False
27257756,45188.27000000,0.00004000,1.80753080,1704243050602,False
27257757,45172.08000000,0.00010000,4.51720800,1704243060104,True
27257758,45188.26000000,0.00076000,34.34307760,1704243062255,False
27257759,45188.58000000,0.00009000,4.06697220,1704243062346,False
27257760,45189.66000000,0.00368000,166.29794880,1704243062552,False
27257761,45190.16000000,0.01933000,873.52579280,1704243063264,False
27257762,45190.70000000,0.00600000,271.14420000,1704243063551,False
27257763,45190.70000000,0.00600000,271.14420000,1704243063551,False
27257764,45190.95000000,0.00049000,22.14356550,1704243064217,False
27257765,45191.07000000,0.00430000,194.32160100,1704243064554,False
27257766,45173.20000000,0.00392000,177.07894400,1704243064632,True
27257767,45188.26000000,0.00003000,1.35564780,1704243065290,False
27257768,45192.21000000,0.00069000,31.18262490,1704243065290,False
27257769,45192.21000000,0.00003000,1.35576630,1704243066227,False
27257770,45192.65000000,0.00072000,32.53870800,1704243066357,False
27257771,45192.65000000,0.00226000,102.13538900,1704243066555,False
27257772,45192.89000000,0.00040000,18.07715600,1704243067326,False
27257773,45192.99000000,0.00012000,5.42315880,1704243067553,False
27257774,45189.61000000,0.00121000,54.67942810,1704243071553,False
27257775,45174.06000000,0.00020000,9.03481200,1704243094345,True
27257776,45194.22000000,0.00075000,33.89566500,1704243096248,False
27257777,45194.22000000,0.00004000,1.80776880,1704243096253,True
27257778,45194.23000000,0.00072000,32.53984560,1704243096554,False
27257779,45194.23000000,0.00385000,173.99778550,1704243096554,False
27257780,45194.23000000,0.00004000,1.80776920,1704243096557,True
27257781,45194.23000000,0.00045000,20.33740350,1704243096734,True
27257782,45194.95000000,0.00072000,32.54036400,1704243096900,False
27257783,45194.95000000,0.00212000,95.81329400,1704243096900,False
27257784,45194.24000000,0.00004000,1.80776960,1704243098030,True
27257785,45194.24000000,0.00004000,1.80776960,1704243098085,True
27257786,45195.12000000,0.00003000,1.35585360,1704243098228,False
27257787,45194.24000000,0.00004000,1.80776960,1704243099655,True
27257788,45194.24000000,0.00004000,1.80776960,1704243099716,True
27257789,45194.24000000,0.00004000,1.80776960,1704243099773,True
27257790,45194.24000000,0.00004000,1.80776960,1704243099823,True
27257791,45194.24000000,0.00004000,1.80776960,1704243099875,True
27257792,45194.24000000,0.00004000,1.80776960,1704243099927,True
27257793,45194.24000000,0.00004000,1.80776960,1704243099981,True
27257794,45194.24000000,0.00004000,1.80776960,1704243100116,True
27257795,45194.24000000,0.00004000,1.80776960,1704243100170,True
27257796,45194.24000000,0.00004000,1.80776960,1704243100221,True
27257797,45195.18000000,0.00072000,32.54052960,1704243100235,False
27257798,45194.24000000,0.00004000,1.80776960,1704243100274,True
27257799,45194.24000000,0.00004000,1.80776960,1704243100325,True
27257800,45194.24000000,0.00004000,1.80776960,1704243100394,True
27257801,45194.24000000,0.00004000,1.80776960,1704243100445,True
27257802,45194.24000000,0.00004000,1.80776960,1704243100502,True
27257803,45194.24000000,0.00004000,1.80776960,1704243100558,True
27257804,45194.24000000,0.00004000,1.80776960,1704243100611,True
27257805,45194.23000000,0.00685000,309.58047550,1704243100654,True
27257806,45194.24000000,0.00004000,1.80776960,1704243100669,True
27257807,45194.24000000,0.00004000,1.80776960,1704243100741,True
27257808,45194.24000000,0.00004000,1.80776960,1704243100790,True
27257809,45194.24000000,0.00004000,1.80776960,1704243100857,True
27257810,45194.24000000,0.00004000,1.80776960,1704243100907,True
27257811,45194.24000000,0.00004000,1.80776960,1704243101002,True
27257812,45194.24000000,0.00004000,1.80776960,1704243101056,True
27257813,45194.24000000,0.00004000,1.80776960,1704243101118,True
27257814,45194.24000000,0.00004000,1.80776960,1704243101170,True
27257815,45194.24000000,0.00004000,1.80776960,1704243101221,True
27257816,45194.24000000,0.00004000,1.80776960,1704243101277,True
27257817,45195.62000000,0.00129000,58.30234980,1704243101287,False
27257818,45194.24000000,0.00004000,1.80776960,1704243101363,True
27257819,45194.24000000,0.00004000,1.80776960,1704243101418,True
27257820,45194.24000000,0.00004000,1.80776960,1704243101471,True
27257821,45194.24000000,0.00004000,1.80776960,1704243101525,True
27257822,45194.24000000,0.00004000,1.80776960,1704243101603,True
27257823,45194.24000000,0.00004000,1.80776960,1704243101671,True
27257824,45194.24000000,0.00004000,1.80776960,1704243101737,True
27257825,45194.24000000,0.00004000,1.80776960,1704243101795,True
27257826,45194.24000000,0.00004000,1.80776960,1704243101849,True
27257827,45194.24000000,0.00004000,1.80776960,1704243101904,True
27257828,45194.24000000,0.00004000,1.80776960,1704243101962,True
27257829,45194.24000000,0.00004000,1.80776960,1704243102014,True
27257830,45194.24000000,0.00004000,1.80776960,1704243102069,True
27257831,45194.24000000,0.00004000,1.80776960,1704243102132,True
27257832,45194.24000000,0.00004000,1.80776960,1704243102183,True
27257833,45194.24000000,0.00004000,1.80776960,1704243102237,True
27257834,45194.24000000,0.00004000,1.80776960,1704243102291,True
27257835,45196.21000000,0.00072000,32.54127120,1704243102294,False
27257836,45194.24000000,0.00004000,1.80776960,1704243102347,True
27257837,45194.24000000,0.00004000,1.80776960,1704243102398,True
27257838,45194.24000000,0.00004000,1.80776960,1704243102449,True
27257839,45194.24000000,0.00004000,1.80776960,1704243102502,True
27257840,45194.24000000,0.00004000,1.80776960,1704243102554,True
27257841,45194.24000000,0.00004000,1.80776960,1704243102606,True
27257842,45194.24000000,0.00004000,1.80776960,1704243102662,True
27257843,45194.24000000,0.00004000,1.80776960,1704243102963,True
27257844,45194.24000000,0.00004000,1.80776960,1704243103016,True
27257845,45194.24000000,0.00004000,1.80776960,1704243103069,True
27257846,45194.24000000,0.00004000,1.80776960,1704243103131,True
27257847,45194.24000000,0.00004000,1.80776960,1704243103182,True
27257848,45196.81000000,0.00965000,436.14921650,1704243103303,False
27257849,45196.81000000,0.00034000,15.36691540,1704243103303,False
27257850,45194.24000000,0.00004000,1.80776960,1704243104010,True
27257851,45194.24000000,0.00004000,1.80776960,1704243104064,True
27257852,45194.24000000,0.00004000,1.80776960,1704243104127,True
27257853,45194.24000000,0.00004000,1.80776960,1704243104177,True
27257854,45194.24000000,0.00004000,1.80776960,1704243104228,True
27257855,45194.24000000,0.00004000,1.80776960,1704243104283,True
27257856,45194.24000000,0.00004000,1.80776960,1704243104345,True
27257857,45194.24000000,0.00004000,1.80776960,1704243104401,True
27257858,45194.24000000,0.00004000,1.80776960,1704243104460,True
27257859,45194.24000000,0.00004000,1.80776960,1704243104511,True
27257860,45194.24000000,0.00004000,1.80776960,1704243104596,True
27257861,45197.77000000,0.00055000,24.85877350,1704243104659,False
27257862,45197.77000000,0.00012000,5.42373240,1704243104659,False
27257863,45197.77000000,0.00003000,1.35593310,1704243104659,False
27257864,45194.24000000,0.00004000,1.80776960,1704243104671,True
27257865,45194.24000000,0.00004000,1.80776960,1704243104729,True
27257866,45194.24000000,0.00004000,1.80776960,1704243104785,True
27257867,45194.24000000,0.00004000,1.80776960,1704243104839,True
27257868,45194.24000000,0.00004000,1.80776960,1704243104903,True
27257869,45194.24000000,0.00004000,1.80776960,1704243104967,True
27257870,45194.24000000,0.00004000,1.80776960,1704243105023,True
27257871,45194.24000000,0.00004000,1.80776960,1704243105092,True
27257872,45194.24000000,0.00004000,1.80776960,1704243105148,True
27257873,45194.24000000,0.00004000,1.80776960,1704243105204,True
27257874,45198.14000000,0.00072000,32.54266080,1704243105756,False
27257875,45198.14000000,0.00072000,32.54266080,1704243105756,False
27257876,45194.24000000,0.00004000,1.80776960,1704243106028,True
27257877,45194.24000000,0.00004000,1.80776960,1704243106099,True
27257878,45194.24000000,0.00004000,1.80776960,1704243106174,True
27257879,45194.24000000,0.00004000,1.80776960,1704243106245,True
27257880,45194.24000000,0.00004000,1.80776960,1704243106300,True
27257881,45194.24000000,0.00004000,1.80776960,1704243106354,True
27257882,45194.24000000,0.00004000,1.80776960,1704243106406,True
27257883,45194.24000000,0.00004000,1.80776960,1704243106466,True
27257884,45194.24000000,0.00004000,1.80776960,1704243106520,True
27257885,45194.24000000,0.00004000,1.80776960,1704243106575,True
27257886,45194.24000000,0.00004000,1.80776960,1704243106670,True
27257887,45194.24000000,0.00004000,1.80776960,1704243106721,True
27257888,45194.24000000,0.00004000,1.80776960,1704243106796,True
27257889,45194.24000000,0.00004000,1.80776960,1704243106847,True
27257890,45194.24000000,0.00004000,1.80776960,1704243106907,True
27257891,45194.24000000,0.00004000,1.80776960,1704243106960,True
27257892,45194.24000000,0.00004000,1.80776960,1704243107012,True
27257893,45194.24000000,0.00004000,1.80776960,1704243107064,True
27257894,45194.24000000,0.00004000,1.80776960,1704243107119,True
27257895,45194.24000000,0.00004000,1.80776960,1704243107172,True
27257896,45194.24000000,0.00004000,1.80776960,1704243107226,True
27257897,45199.17000000,0.00092000,41.58323640,1704243107272,False
27257898,45194.24000000,0.00004000,1.80776960,1704243107279,True
27257899,45194.24000000,0.00004000,1.80776960,1704243107331,True
27257900,45194.24000000,0.00004000,1.80776960,1704243107382,True
27257901,45194.24000000,0.00004000,1.80776960,1704243107439,True
27257902,45194.24000000,0.00004000,1.80776960,1704243107494,True
27257903,45194.24000000,0.00004000,1.80776960,1704243107548,True
27257904,45194.24000000,0.00004000,1.80776960,1704243107598,True
27257905,45194.24000000,0.00004000,1.80776960,1704243107648,True
27257906,45194.24000000,0.00004000,1.80776960,1704243107715,True
27257907,45194.24000000,0.00004000,1.80776960,1704243107766,True
27257908,45194.24000000,0.00004000,1.80776960,1704243107849,True
27257909,45194.24000000,0.00004000,1.80776960,1704243107904,True
27257910,45194.24000000,0.00004000,1.80776960,1704243107977,True
27257911,45194.24000000,0.00004000,1.80776960,1704243108059,True
27257912,45194.24000000,0.00004000,1.80776960,1704243108111,True
27257913,45194.24000000,0.00004000,1.80776960,1704243108168,True
27257914,45194.24000000,0.00004000,1.80776960,1704243108238,True
27257915,45194.24000000,0.00004000,1.80776960,1704243108318,True
27257916,45199.18000000,0.00072000,32.54340960,1704243108332,False
27257917,45194.24000000,0.00004000,1.80776960,1704243108370,True
27257918,45194.24000000,0.00004000,1.80776960,1704243108423,True
27257919,45194.24000000,0.00004000,1.80776960,1704243108471,True
27257920,45194.24000000,0.00004000,1.80776960,1704243108524,True
27257921,45194.24000000,0.00004000,1.80776960,1704243108581,True
27257922,45194.24000000,0.00004000,1.80776960,1704243108634,True
27257923,45194.24000000,0.00004000,1.80776960,1704243108701,True
27257924,45194.24000000,0.00004000,1.80776960,1704243108775,True
27257925,45194.24000000,0.00004000,1.80776960,1704243108828,True
27257926,45194.24000000,0.00004000,1.80776960,1704243108881,True
27257927,45194.24000000,0.00004000,1.80776960,1704243108943,True
27257928,45194.24000000,0.00004000,1.80776960,1704243108997,True
27257929,45194.24000000,0.00004000,1.80776960,1704243109050,True
27257930,45194.24000000,0.00004000,1.80776960,1704243109108,True
27257931,45194.24000000,0.00004000,1.80776960,1704243109177,True
27257932,45194.24000000,0.00004000,1.80776960,1704243109229,True
27257933,45194.24000000,0.00004000,1.80776960,1704243109285,True
27257934,45194.24000000,0.00004000,1.80776960,1704243109340,True
27257935,45194.24000000,0.00004000,1.80776960,1704243109392,True
27257936,45194.24000000,0.00004000,1.80776960,1704243109450,True
27257937,45194.24000000,0.00004000,1.80776960,1704243109506,True
27257938,45194.24000000,0.00004000,1.80776960,1704243109559,True
27257939,45194.24000000,0.00004000,1.80776960,1704243109609,True
27257940,45194.24000000,0.00195000,88.12876800,1704243109672,True
27257941,45194.24000000,0.00046000,20.78935040,1704243109729,True
27257942,45194.23000000,0.00041000,18.52963430,1704243109799,True
27257943,45194.24000000,0.00020000,9.03884800,1704243110826,True
27257944,45194.24000000,0.00004000,1.80776960,1704243110878,True
27257945,45194.23000000,0.00195000,88.12874850,1704243110927,True
27257946,45199.68000000,0.00012000,5.42396160,1704243113663,False
27257947,45199.68000000,0.00060000,27.11980800,1704243113798,False
27257948,45199.68000000,0.00004000,1.80798720,1704243114675,True
27257949,45199.68000000,0.00048000,21.69584640,1704243114781,True
27257950,45199.85000000,0.00072000,32.54389200,1704243115449,False
27257951,45199.84000000,0.00149000,67.34776160,1704243116472,False
27257952,45199.68000000,0.00003000,1.35599040,1704243116495,True
27257953,45194.24000000,0.00146000,65.98359040,1704243116495,True
27257954,45194.24000000,0.00517000,233.65422080,1704243116587,True
27257955,45194.24000000,0.00119000,53.78114560,1704243116587,True
27257956,45194.24000000,0.00195000,88.12876800,1704243116649,True
27257957,45194.24000000,0.00044000,19.88546560,1704243116723,True
27257958,45194.24000000,0.00040000,18.07769600,1704243116784,True
27257959,45194.23000000,0.00039000,17.62574970,1704243116812,True
27257960,45194.24000000,0.00095000,42.93452800,1704243116911,True
27257961,45194.24000000,0.00634000,286.53148160,1704243117040,True
27257962,45194.24000000,0.00195000,88.12876800,1704243117092,True
27257963,45194.24000000,0.00044000,19.88546560,1704243117143,True
27257964,45194.24000000,0.00040000,18.07769600,1704243117214,True
27257965,45194.23000000,0.00035000,15.81798050,1704243117267,True
27257966,45200.00000000,0.00092000,41.58400000,1704243119447,False
27257967,45194.24000000,0.00020000,9.03884800,1704243120122,True
27257968,45194.24000000,0.00004000,1.80776960,1704243122400,True
27257969,45194.24000000,0.00011000,4.97136640,1704243122473,True
27257970,45199.97000000,0.00020000,9.03999400,1704243123435,False
27257971,45199.93000000,0.00003000,1.35599790,1704243130128,False
27257972,45194.24000000,0.00002000,0.90388480,1704243130295,True
27257973,45194.22000000,0.00166000,75.02240520,1704243130477,True
27257974,45194.22000000,0.28520000,12889.39154400,1704243130558,True
27257975,45162.50000000,0.00800000,361.30000000,1704243132110,True
27257976,45162.50000000,0.00663000,299.42737500,1704243132110,True
27257977,45162.49000000,0.01315000,593.88674350,1704243132110,True
27257978,45199.91000000,0.00020000,9.03998200,1704243132339,False
27257979,45199.84000000,0.00003000,1.35599520,1704243136302,False
27257980,45162.51000000,0.00064000,28.90400640,1704243141567,True
27257981,45196.15000000,0.00008000,3.61569200,1704243153760,False
27257982,45196.15000000,0.00754000,340.77897100,1704243153760,False
27257983,45196.16000000,0.05099000,2304.55219840,1704243153760,False
27257984,45197.51000000,0.00800000,361.58008000,1704243153760,False
27257985,45197.69000000,0.04800000,2169.48912000,1704243153760,False
27257986,45199.74000000,0.05089000,2300.21476860,1704243153760,False
27257987,45196.15000000,0.00003000,1.35588450,1704243153900,False
27257988,45188.43000000,0.00008000,3.61507440,1704243156601,False
27257989,45188.43000000,0.00800000,361.50744000,1704243156601,False
27257990,45188.44000000,0.00533000,240.85438520,1704243156601,False
27257991,45162.47000000,0.00195000,88.06681650,1704243159767,True
27257992,45151.08000000,0.00542000,244.71885360,1704243159767,True
27257993,45151.08000000,0.00010000,4.51510800,1704243172694,True
27257994,45151.08000000,0.00017000,7.67568360,1704243179064,True
27257995,45151.08000000,0.00017000,7.67568360,1704243179170,True
27257996,45151.08000000,0.00017000,7.67568360,1704243179275,True
27257997,45151.08000000,0.00014000,6.32115120,1704243179446,True
27257998,45146.34000000,0.00003000,1.35439020,1704243179648,True
27257999,45143.05000000,0.00298000,134.52628900,1704243179648,True
27258000,45135.68000000,0.00049000,22.11648320,1704243179648,True
27258001,45163.52000000,0.00008000,3.61308160,1704243180103,False
27258002,45163.53000000,0.00011000,4.96798830,1704243180103,False
27258003,45138.37000000,0.02647000,1194.81265390,1704243188977,False
27258004,45138.37000000,0.01088000,491.10546560,1704243188977,False
27258005,45138.37000000,0.01206000,544.36874220,1704243188985,False
27258006,45164.36000000,0.00072000,32.51833920,1704243249448,False
27258007,45164.36000000,0.00072000,32.51833920,1704243249542,False
27258008,45130.51000000,0.00200000,90.26102000,1704243250175,True
27258009,45127.00000000,0.00997000,449.91619000,1704243262646,True
27258010,45116.03000000,0.00040000,18.04641200,1704243263623,True
27258011,45130.68000000,0.00032000,14.44181760,1704243264962,False
27258012,45110.48000000,0.00045000,20.29971600,1704243267544,True
27258013,45110.48000000,0.00032000,14.43535360,1704243272136,True
27258014,45110.48000000,0.00281000,126.76044880,1704243273816,True
27258015,45108.26000000,0.00200000,90.21652000,1704243273816,True
27258016,45104.76000000,0.00023000,10.37409480,1704243274090,True
27258017,45104.76000000,0.00092000,41.49637920,1704243274090,True
27258018,45101.23000000,0.00016000,7.21619680,1704243274090,True
27258019,45097.56000000,0.00003000,1.35292680,1704243275163,True
27258020,45096.56000000,0.00045000,20.29345200,1704243275163,True
27258021,45094.54000000,0.00952000,429.30002080,1704243275163,True
27258022,45094.54000000,0.00013000,5.86229020,1704243275350,True
27258023,45093.53000000,0.00235000,105.96979550,1704243275350,True
27258024,45093.50000000,0.00299000,134.82956500,1704243275350,True
27258025,45093.37000000,0.00176000,79.36433120,1704243275350,True
27258026,45093.32000000,0.00023000,10.37146360,1704243275350,True
27258027,45085.09000000,0.00003000,1.35255270,1704243276201,True
27258028,45084.53000000,0.00658000,296.65620740,1704243276201,True
27258029,45099.92000000,0.00003000,1.35299760,1704243276579,False
27258030,45099.82000000,0.00075000,33.82486500,1704243277388,False
27258031,45081.23000000,0.00023000,10.36868290,1704243277730,True
27258032,45080.40000000,0.00049000,22.08939600,1704243277730,True
27258033,45080.25000000,0.00007000,3.15561750,1704243282024,True
27258034,45085.55000000,0.00072000,32.46159600,1704243282904,False
27258035,45080.24000000,0.00007000,3.15561680,1704243283072,True
27258036,45073.33000000,0.00010000,4.50733300,1704243289999,True
27258037,45071.20000000,0.00035000,15.77492000,1704243294122,True
27258038,45071.00000000,0.00998000,449.80858000,1704243294260,True
27258039,45067.05000000,0.00016000,7.21072800,1704243295306,True
27258040,45067.04000000,0.00016000,7.21072640,1704243295306,True
27258041,45083.05000000,0.00070000,31.55813500,1704243300125,False
27258042,45083.05000000,0.00032000,14.42657600,1704243302365,False
27258043,45083.05000000,0.00859000,387.26339950,1704243302436,False
27258044,45083.05000000,0.00251000,113.15845550,1704243302436,False
27258045,45095.78000000,0.00073000,32.91991940,1704243313415,False
27258046,45095.79000000,0.00670000,302.14179300,1704243313415,False
27258047,45095.76000000,0.00146000,65.83980960,1704243324733,False
27258048,45095.76000000,0.00072000,32.46894720,1704243325414,False
27258049,45095.76000000,0.00072000,32.46894720,1704243325458,False
27258050,45077.86000000,0.00520000,234.40487200,1704243353147,True
27258051,45095.75000000,0.00072000,32.46894000,1704243356521,False
27258052,45095.75000000,0.00665000,299.88673750,1704243356521,False
27258053,45095.76000000,0.00263000,118.60184880,1704243356521,False
27258054,45095.76000000,0.00891000,401.80322160,1704243357593,False
27258055,45095.76000000,0.00665000,299.88680400,1704243357593,False
27258056,45107.59000000,0.00743000,335.14939370,1704243363626,False
27258057,45075.47000000,0.01087000,489.97035890,1704243395558,True
27258058,45115.36000000,0.00050000,22.55768000,1704243395872,False
27258059,45115.37000000,0.00022000,9.92538140,1704243395872,False
27258060,45115.32000000,0.00641000,289.18920120,1704243403926,False
27258061,45113.02000000,0.00072000,32.48137440,1704243407945,False
27258062,45115.38000000,0.00071000,32.03191980,1704243410691,False
27258063,45115.41000000,0.00072000,32.48309520,1704243410691,False
27258064,45117.02000000,0.00072000,32.48425440,1704243412592,False
27258065,45117.10000000,0.00072000,32.48431200,1704243412592,False
27258066,45106.62000000,0.00009000,4.05959580,1704243420093,True
27258067,45135.65000000,0.00124000,55.96820600,1704243427342,False
27258068,45135.65000000,0.00072000,32.49766800,1704243427673,False
27258069,45135.65000000,0.00072000,32.49766800,1704243427711,False
27258070,45102.88000000,0.00003000,1.35308640,1704243428498,True
27258071,45113.47000000,0.00006000,2.70680820,1704243468871,True
27258072,45135.67000000,0.00069000,31.14361230,1704243532749,False
27258073,45135.68000000,0.00049000,22.11648320,1704243532749,False
27258074,45117.74000000,0.00010000,4.51177400,1704243540117,True
27258075,45140.44000000,0.00068000,30.69549920,1704243578639,False
27258076,45140.45000000,0.00072000,32.50112400,1704243578639,False
27258077,45140.90000000,0.00146000,65.90571400,1704243578639,False
27258078,45143.05000000,0.00072000,32.50299600,1704243579898,False
27258079,45143.05000000,0.00072000,32.50299600,1704243580892,False
27258080,45140.00000000,0.00619000,279.41660000,1704243595209,True
27258081,45140.00000000,0.00724000,326.81360000,1704243595209,True
27258082,45125.16000000,0.00010000,4.51251600,1704243600134,True
27258083,45143.05000000,0.00155000,69.97172750,1704243602403,False
27258084,45143.05000000,0.00645000,291.17267250,1704243602403,False
27258085,45125.23000000,0.00004000,1.80500920,1704243603364,True
27258086,45144.44000000,0.00011000,4.96588840,1704243629072,False
27258087,45125.28000000,0.00664000,299.63185920,1704243674241,True
27258088,45125.22000000,0.00019000,8.57379180,1704243675152,True
27258089,45144.44000000,0.00067000,30.24677480,1704243706862,False
27258090,45144.45000000,0.00072000,32.50400400,1704243706862,False
27258091,45146.34000000,0.00003000,1.35439020,1704243709865,False
27258092,45146.34000000,0.00075000,33.85975500,1704243713658,False
27258093,45156.75000000,0.00200000,90.31350000,1704243725297,False
27258094,45157.18000000,0.00137000,61.86533660,1704243725297,False
27258095,45138.80000000,0.00032000,14.44441600,1704243727620,True
27258096,45156.75000000,0.00019000,8.57978250,1704243727719,False
27258097,45157.79000000,0.00358000,161.66488820,1704243729447,False
27258098,45162.10000000,0.00072000,32.51671200,1704243730602,False
27258099,45162.10000000,0.00072000,32.51671200,1704243730602,False
27258100,45164.83000000,0.00035000,15.80769050,1704243732061,False
27258101,45165.60000000,0.00045000,20.32452000,1704243732061,False
27258102,45174.72000000,0.00004000,1.80698880,1704243733058,False
27258103,45174.72000000,0.00005000,2.25873600,1704243733058,False
27258104,45174.72000000,0.00004000,1.80698880,1704243733058,False
27258105,45174.72000000,0.00004000,1.80698880,1704243733058,False
27258106,45176.40000000,0.00072000,32.52700800,1704243733058,False
27258107,45180.00000000,0.00010000,4.51800000,1704243733058,False
27258108,45180.09000000,0.00220000,99.39619800,1704243733058,False
27258109,45183.27000000,0.00068000,30.72462360,1704243733058,False
27258110,45183.27000000,0.00004000,1.80733080,1704243733058,False
27258111,45183.27000000,0.00019000,8.58482130,1704243733058,False
27258112,45183.27000000,0.00027000,12.19948290,1704243733058,False
27258113,45183.27000000,0.00045000,20.33247150,1704243734275,False
27258114,45183.96000000,0.00019000,8.58495240,1704243734275,False
27258115,45183.96000000,0.00436000,197.00206560,1704243734275,False
27258116,45190.95000000,0.00049000,22.14356550,1704243743113,False
27258117,45190.95000000,0.00004000,1.80763800,1704243743113,False
27258118,45190.95000000,0.00004000,1.80763800,1704243743113,False
27258119,45190.95000000,0.00015000,6.77864250,1704243743113,False
27258120,45182.00000000,0.00003000,1.35546000,1704243752791,False
27258121,45182.00000000,0.00044000,19.88008000,1704243752965,False
27258122,45179.71000000,0.00664000,299.99327440,1704243773761,False
27258123,45179.76000000,0.00050000,22.58988000,1704243773761,False
27258124,45179.77000000,0.01760000,795.16395200,1704243773761,False
27258125,45179.75000000,0.00571000,257.97637250,1704243774016,False
27258126,45179.76000000,0.00210000,94.87749600,1704243774016,False
27258127,45139.79000000,0.00010000,4.51397900,1704243780108,True
27258128,45179.01000000,0.00200000,90.35802000,1704243781231,False
27258129,45140.63000000,0.00008000,3.61125040,1704243784061,True
27258130,45179.01000000,0.00032000,14.45728320,1704243784300,False
27258131,45141.67000000,0.00032000,14.44533440,1704243790440,True
27258132,45156.54000000,0.00572000,258.29540880,1704243794228,True
27258133,45159.04000000,0.00019000,8.58021760,1704243840104,True
27258134,45180.04000000,0.01087000,491.10703480,1704243870393,True
27258135,45180.04000000,0.01205000,544.41948200,1704243870393,True
27258136,45180.36000000,0.00032000,14.45771520,1704243873118,False
27258137,45180.04000000,0.01095000,494.72143800,1704243873364,True
27258138,45170.71000000,0.00028000,12.64779880,1704243877011,True
27258139,45180.36000000,0.00086000,38.85510960,1704243886442,False
27258140,45180.36000000,0.00034000,15.36132240,1704243886442,False
27258141,45180.36000000,0.00096000,43.37314560,1704243886442,False
27258142,45180.36000000,0.00005000,2.25901800,1704243886442,False
27258143,45192.65000000,0.00221000,99.87575650,1704243886442,False
27258144,45180.36000000,0.00072000,32.52985920,1704243886960,False
27258145,45177.20000000,0.00032000,14.45670400,1704243890096,True
27258146,45180.36000000,0.00043000,19.42755480,1704243890416,False
27258147,45180.36000000,0.00007000,3.16262520,1704243890416,False
27258148,45180.36000000,0.00170000,76.80661200,1704243890416,False
27258149,45192.65000000,0.00077000,34.79834050,1704243891078,False
27258150,45195.12000000,0.00003000,1.35585360,1704243892102,False
27258151,45196.81000000,0.00965000,436.14921650,1704243893538,False
27258152,45199.99000000,0.00032000,14.46399680,1704243896022,False
27258153,45200.00000000,0.00072000,32.54400000,1704243898241,False
27258154,45193.17000000,0.00800000,361.54536000,1704243898242,True
27258155,45193.16000000,0.01812000,818.90005920,1704243898242,True
27258156,45200.00000000,0.00072000,32.54400000,1704243898934,False
27258157,45193.20000000,0.00030000,13.55796000,1704243900096,True
27258158,45200.00000000,0.00870000,393.24000000,1704243900122,False
27258159,45200.00000000,0.05516000,2493.23200000,1704243900122,False
27258160,45193.20000000,0.00013000,5.87511600,1704243900299,True
27258161,45200.02000000,0.00016000,7.23200320,1704243900599,False
27258162,45186.92000000,0.00202000,91.27757840,1704243903212,True
27258163,45193.47000000,0.00218000,98.52176460,1704243903849,False
27258164,45173.85000000,0.00032000,14.45563200,1704243906422,True
27258165,45180.39000000,0.00234000,105.72211260,1704243909651,False
27258166,45186.93000000,0.00987000,445.99499910,1704243917945,False
27258167,45186.93000000,0.01087000,491.18192910,1704243917945,False
27258168,45186.93000000,0.00003000,1.35560790,1704243964299,True
27258169,45186.93000000,0.00003000,1.35560790,1704243964299,True
27258170,45186.93000000,0.00003000,1.35560790,1704243964299,True
27258171,45186.93000000,0.00003000,1.35560790,1704243964299,True
27258172,45186.93000000,0.00003000,1.35560790,1704243964299,True
27258173,45186.93000000,0.00003000,1.35560790,1704243964299,True
27258174,45186.93000000,0.00003000,1.35560790,1704243964299,True
27258175,45186.93000000,0.00003000,1.35560790,1704243964299,True
27258176,45186.93000000,0.00003000,1.35560790,1704243964299,True
27258177,45186.93000000,0.00003000,1.35560790,1704243964299,True
27258178,45186.93000000,0.00003000,1.35560790,1704243964299,True
27258179,45186.93000000,0.00003000,1.35560790,1704243964299,True
