id,price,qty,quote_qty,time,is_buyer_maker
27202397,43998.83000000,0.00006000,2.63992980,1704153600560,False
27202398,43999.99000000,0.00701000,308.43992990,1704153600560,False
27202399,43999.99000000,0.00750000,329.99992500,1704153600560,False
27202400,44000.00000000,0.15925000,7007.00000000,1704153600560,False
27202401,44000.00000000,0.09757000,4293.08000000,1704153600809,False
27202402,43999.99000000,0.00003000,1.31999970,1704153601580,True
27202403,43999.99000000,0.00003000,1.31999970,1704153602962,False
27202404,43999.99000000,0.00024000,10.55999760,1704153603832,False
27202405,43999.99000000,0.00048000,21.11999520,1704153603868,False
27202406,43999.99000000,0.00078000,34.31999220,1704153603868,False
27202407,43999.99000000,0.00013000,5.71999870,1704153603868,False
27202408,43999.99000000,0.00010000,4.39999900,1704153604028,False
27202409,44000.00000000,0.00032000,14.08000000,1704153604028,False
27202410,44000.00000000,0.00003000,1.32000000,1704153604984,False
27202411,43969.00000000,0.00259000,113.87971000,1704153605686,True
27202412,43999.98000000,0.00250000,109.99995000,1704153605713,False
27202413,43999.99000000,0.02135000,939.39978650,1704153605713,False
27202414,43999.99000000,0.00003000,1.31999970,1704153606895,False
27202415,43999.99000000,0.00442000,194.47995580,1704153607755,False
27202416,43999.99000000,0.00011000,4.83999890,1704153607805,True
27202417,44000.00000000,0.00063000,27.72000000,1704153609967,False
27202418,44000.00000000,0.00003000,1.32000000,1704153610815,False
27202419,43999.99000000,0.00002000,0.87999980,1704153611342,True
27202420,43999.99000000,0.00002000,0.87999980,1704153611342,True
27202421,43999.99000000,0.00001000,0.43999990,1704153611428,True
27202422,43999.99000000,0.00076000,33.43999240,1704153611428,True
27202423,43999.99000000,0.00065000,28.59999350,1704153611428,True
27202424,43999.99000000,0.00004000,1.75999960,1704153612296,True
27202425,43969.02000000,0.00137000,60.23755740,1704153612693,True
27202426,43999.99000000,0.00003000,1.31999970,1704153612823,False
27202427,43999.99000000,0.00003000,1.31999970,1704153614838,False
27202428,43999.99000000,0.00003000,1.31999970,1704153616954,False
27202429,43969.02000000,0.00035000,15.38915700,1704153617293,True
27202430,43969.02000000,0.00033000,14.50977660,1704153619178,True
27202431,43999.00000000,0.00056000,24.63944000,1704153620484,False
27202432,43999.99000000,0.00076000,33.43999240,1704153620484,False
27202433,43999.99000000,0.00006000,2.63999940,1704153621065,False
27202434,43999.99000000,0.00036000,15.83999640,1704153621065,False
27202435,43999.99000000,0.00003000,1.31999970,1704153622737,False
27202436,43999.99000000,0.00050000,21.99999500,1704153624391,False
27202437,44000.00000000,0.10648000,4685.12000000,1704153624391,False
27202438,44000.00000000,0.00113000,49.72000000,1704153624391,False
27202439,44000.00000000,0.00092000,40.48000000,1704153624391,False
27202440,44000.00000000,0.50558000,22245.52000000,1704153624391,False
27202441,43999.99000000,0.00003000,1.31999970,1704153624597,True
27202442,43999.99000000,0.00003000,1.31999970,1704153626540,True
27202443,43999.99000000,0.00003000,1.31999970,1704153628152,True
27202444,43999.99000000,0.00003000,1.31999970,1704153630145,True
27202445,43999.99000000,0.00003000,1.31999970,1704153632026,True
27202446,43999.99000000,0.00006000,2.63999940,1704153641566,False
27202447,44000.00000000,0.00101000,44.44000000,1704153641566,False
27202448,44000.00000000,0.00023000,10.12000000,1704153642663,False
27202449,44000.00000000,0.26211000,11532.84000000,1704153646919,False
27202450,43970.00000000,0.00200000,87.94000000,1704153650799,True
27202451,43970.00000000,0.00681000,299.43570000,1704153650799,True
27202452,43969.02000000,0.00003000,1.31907060,1704153650799,True
27202453,43969.02000000,0.00003000,1.31907060,1704153650799,True
27202454,43969.00000000,0.07792000,3426.06448000,1704153654619,False
27202455,43969.00000000,0.00031000,13.63039000,1704153654673,False
27202456,43969.00000000,0.04067000,1788.21923000,1704153662226,False
27202457,43961.25000000,0.00439000,192.98988750,1704153663067,True
27202458,43969.00000000,0.00078000,34.29582000,1704153663606,True
27202459,43969.00000000,0.00127000,55.84063000,1704153663665,False
27202460,43977.75000000,0.00012000,5.27733000,1704153663665,False
27202461,43985.34000000,0.00021000,9.23692140,1704153664460,False
27202462,43969.00000000,0.00117000,51.44373000,1704153665225,False
27202463,43985.34000000,0.00003000,1.31956020,1704153665769,False
27202464,43962.31000000,0.00100000,43.96231000,1704153667987,True
27202465,43985.72000000,0.00005000,2.19928600,1704153676071,False
27202466,43985.73000000,0.00003000,1.31957190,1704153678894,False
27202467,43985.73000000,0.00036000,15.83486280,1704153678894,False
27202468,43985.73000000,0.00005000,2.19928650,1704153678894,False
27202469,43986.24000000,0.00005000,2.19931200,1704153678894,False
27202470,43986.36000000,0.00006000,2.63918160,1704153678894,False
27202471,43999.99000000,0.00100000,43.99999000,1704153684556,False
27202472,43999.99000000,0.00006000,2.63999940,1704153684556,False
27202473,44000.00000000,0.65213000,28693.72000000,1704153684556,False
27202474,43986.36000000,0.00100000,43.98636000,1704153688604,False
27202475,43986.36000000,0.00759000,333.85647240,1704153693251,False
27202476,44000.00000000,0.57728000,25400.32000000,1704153693251,False
27202477,44000.00000000,0.06832000,3006.08000000,1704153693251,False
27202478,43999.99000000,0.00006000,2.63999940,1704153725762,False
27202479,43999.99000000,0.00005000,2.19999950,1704153725762,False
27202480,44000.00000000,0.00115000,50.60000000,1704153725762,False
27202481,44000.00000000,0.00078000,34.32000000,1704153726667,False
27202482,43969.12000000,0.00308000,135.42488960,1704153734807,True
27202483,43969.03000000,0.00324000,142.45965720,1704153736008,True
27202484,43999.98000000,0.00257000,113.07994860,1704153740283,False
27202485,43999.99000000,0.00006000,2.63999940,1704153740283,False
27202486,43999.99000000,0.00300000,131.99997000,1704153740283,False
27202487,44000.00000000,0.22149000,9745.56000000,1704153740283,False
27202488,43999.99000000,0.00007000,3.07999930,1704153755200,False
27202489,43999.99000000,0.00005000,2.19999950,1704153759675,False
27202490,43999.99000000,0.00001000,0.43999990,1704153762721,False
27202491,43999.99000000,0.00300000,131.99997000,1704153762721,False
27202492,44000.00000000,0.10826000,4763.44000000,1704153762721,False
27202493,44000.00000000,0.04118000,1811.92000000,1704153762721,False
27202494,44000.00000000,0.01136000,499.84000000,1704153762721,False
27202495,44000.00000000,0.00418000,183.92000000,1704153762721,False
27202496,44000.00000000,0.16848000,7413.12000000,1704153762721,False
27202497,44000.00000000,0.00078000,34.32000000,1704153762721,False
27202498,44000.01000000,0.00200000,88.00002000,1704153762721,False
27202499,44000.02000000,0.00700000,308.00014000,1704153762721,False
27202500,44000.54000000,0.00013000,5.72007020,1704153762721,False
27202501,44000.54000000,0.00009000,3.96004860,1704153762721,False
27202502,44000.75000000,0.00133000,58.52099750,1704153762721,False
27202503,44000.79000000,0.00034000,14.96026860,1704153762721,False
27202504,44001.56000000,0.00072000,31.68112320,1704153762721,False
27202505,44001.95000000,0.00062000,27.28120900,1704153762721,False
27202506,44001.99000000,0.01000000,440.01990000,1704153762721,False
27202507,44002.23000000,0.00184000,80.96410320,1704153762721,False
27202508,44002.75000000,0.00088000,38.72242000,1704153762721,False
27202509,44003.42000000,0.00023000,10.12078660,1704153762721,False
27202510,44003.44000000,0.00008000,3.52027520,1704153762721,False
27202511,44003.44000000,0.00039000,17.16134160,1704153764299,True
27202512,44003.55000000,0.00225000,99.00798750,1704153765096,False
27202513,44003.44000000,0.05099000,2243.73540560,1704153767526,True
27202514,44003.44000000,0.05099000,2243.73540560,1704153767530,True
27202515,44003.44000000,0.03512000,1545.40081280,1704153767534,True
27202516,43969.03000000,0.00009000,3.95721270,1704153769162,True
27202517,43999.99000000,0.00006000,2.63999940,1704153769373,False
27202518,44003.55000000,0.00175000,77.00621250,1704153769373,False
27202519,44003.70000000,0.00039000,17.16144300,1704153769373,False
27202520,44000.00000000,0.01000000,440.00000000,1704153779449,False
27202521,44003.70000000,0.00561000,246.86075700,1704153779449,False
27202522,44004.58000000,0.00012000,5.28054960,1704153779449,False
27202523,44004.58000000,0.00043000,18.92196940,1704153779449,False
27202524,44004.58000000,0.00012000,5.28054960,1704153779449,False
27202525,44004.58000000,0.00012000,5.28054960,1704153779449,False
27202526,44004.58000000,0.00012000,5.28054960,1704153779449,False
27202527,44004.58000000,0.03314000,1458.31178120,1704153779449,False
27202528,44004.58000000,0.00006000,2.64027480,1704153779458,False
27202529,44004.58000000,0.00012000,5.28054960,1704153781108,False
27202530,44004.58000000,0.00012000,5.28054960,1704153782486,False
27202531,44004.58000000,0.00043000,18.92196940,1704153783691,False
27202532,44002.30000000,0.00012000,5.28027600,1704153785790,False
27202533,44000.00000000,0.00006000,2.64000000,1704153787549,False
27202534,44000.00000000,0.00004000,1.76000000,1704153789420,True
27202535,44000.00000000,0.00002000,0.88000000,1704153789792,True
27202536,43969.79000000,0.00002000,0.87939580,1704153789792,True
27202537,44004.58000000,0.00604000,265.78766320,1704153793296,False
27202538,43975.30000000,0.00004000,1.75901200,1704153813183,True
27202539,43999.99000000,0.00006000,2.63999940,1704153817030,False
27202540,44004.58000000,0.02041000,898.13347780,1704153817030,False
27202541,44004.58000000,0.00055000,24.20251900,1704153817030,False
27202542,44005.27000000,0.00028000,12.32147560,1704153817030,False
27202543,44006.00000000,0.00078000,34.32468000,1704153817030,False
27202544,44006.01000000,0.00114000,50.16685140,1704153817030,False
27202545,44006.28000000,0.00003000,1.32018840,1704153817030,False
27202546,44006.28000000,0.00044000,19.36276320,1704153817030,False
27202547,44006.28000000,0.00003000,1.32018840,1704153817030,False
27202548,44006.28000000,0.00005000,2.20031400,1704153817030,False
27202549,44006.29000000,0.00072000,31.68452880,1704153817030,False
27202550,44006.83000000,0.00072000,31.68491760,1704153817030,False
27202551,44007.35000000,0.00038000,16.72279300,1704153817030,False
27202552,44008.00000000,0.00910000,400.47280000,1704153817030,False
27202553,44008.16000000,0.00036000,15.84293760,1704153817030,False
27202554,44008.60000000,0.00378000,166.35250800,1704153817030,False
27202555,44009.10000000,0.00042000,18.48382200,1704153817030,False
27202556,44009.28000000,0.00262000,115.30431360,1704153817030,False
27202557,44009.28000000,0.00004000,1.76037120,1704153817030,False
27202558,44009.56000000,0.00031000,13.64296360,1704153817030,False
27202559,44009.56000000,0.00031000,13.64296360,1704153817030,False
27202560,44009.70000000,0.00091000,40.04882700,1704153817030,False
27202561,44010.00000000,0.01730000,761.37300000,1704153817030,False
27202562,44010.06000000,0.00096000,42.24965760,1704153817030,False
27202563,44010.47000000,0.00007000,3.08073290,1704153817030,False
27202564,44010.47000000,0.00006000,2.64062820,1704153817030,False
27202565,44010.58000000,0.00072000,31.68761760,1704153817030,False
27202566,44011.02000000,0.00110000,48.41212200,1704153817030,False
27202567,44011.18000000,0.00091000,40.05017380,1704153817030,False
27202568,44011.19000000,0.00022000,9.68246180,1704153817030,False
27202569,44011.53000000,0.00072000,31.68830160,1704153817030,False
27202570,44011.60000000,0.00050000,22.00580000,1704153817030,False
27202571,44009.99000000,0.00005000,2.20049950,1704153821836,False
27202572,44011.60000000,0.00085000,37.40986000,1704153821836,False
27202573,44011.60000000,0.00055000,24.20638000,1704153822251,False
27202574,44011.60000000,0.00044000,19.36510400,1704153824009,False
27202575,44011.60000000,0.00022000,9.68255200,1704153824101,False
27202576,44011.60000000,0.00194000,85.38250400,1704153824566,False
27202577,44011.63000000,0.00003000,1.32034890,1704153824722,False
27202578,44011.63000000,0.00003000,1.32034890,1704153824728,False
27202579,44011.60000000,0.00006000,2.64069600,1704153825799,True
27202580,44011.63000000,0.00007000,3.08081410,1704153825906,False
27202581,44011.63000000,0.00005000,2.20058150,1704153832564,False
27202582,44011.60000000,0.00530000,233.26148000,1704153836561,True
27202583,44011.63000000,0.00043000,18.92500090,1704153837867,False
27202584,44011.77000000,0.00036000,15.84423720,1704153837867,False
27202585,44011.60000000,0.00004000,1.76046400,1704153838868,True
27202586,44011.60000000,0.00004000,1.76046400,1704153839077,True
27202587,44011.60000000,0.00104000,45.77206400,1704153839814,True
27202588,44011.60000000,0.00193000,84.94238800,1704153839832,True
27202589,44011.77000000,0.00003000,1.32035310,1704153839864,False
27202590,44011.60000000,0.00193000,84.94238800,1704153839886,True
27202591,44011.77000000,0.00039000,17.16459030,1704153841000,False
27202592,44011.77000000,0.00078000,34.32918060,1704153842625,False
27202593,44011.77000000,0.00003000,1.32035310,1704153844122,False
27202594,44011.60000000,0.00300000,132.03480000,1704153845220,True
27202595,44011.77000000,0.00091000,40.05071070,1704153845807,False
27202596,44011.60000000,0.00039000,17.16452400,1704153849204,True
27202597,44011.77000000,0.00113000,49.73330010,1704153861360,False
27202598,44011.77000000,0.02611000,1149.14731470,1704153874028,False
27202599,44011.77000000,0.00681000,299.72015370,1704153874028,False
27202600,44012.02000000,0.00014000,6.16168280,1704153875781,False
27202601,44013.84000000,0.00072000,31.68996480,1704153875781,False
27202602,44014.71000000,0.00600000,264.08826000,1704153875781,False
27202603,44014.74000000,0.00093000,40.93370820,1704153875781,False
27202604,44014.74000000,0.00039000,17.16574860,1704153877173,False
27202605,44014.74000000,0.00004000,1.76058960,1704153882937,False
27202606,44011.77000000,0.00039000,17.16459030,1704153885257,True
27202607,44014.49000000,0.00006000,2.64086940,1704153889393,False
27202608,44014.74000000,0.00264000,116.19891360,1704153896637,False
27202609,44015.72000000,0.00326000,143.49124720,1704153896947,False
27202610,44015.72000000,0.00001000,0.44015720,1704153898573,False
27202611,44015.91000000,0.00038000,16.72604580,1704153898573,False
27202612,44015.91000000,0.00007000,3.08111370,1704153898581,False
27202613,44015.91000000,0.00313000,137.76979830,1704153899080,False
27202614,44016.52000000,0.00049000,21.56809480,1704153899393,False
27202615,44017.07000000,0.00306000,134.69223420,1704153899703,False
27202616,44019.30000000,0.00006000,2.64115800,1704153899816,False
27202617,44019.72000000,0.04246000,1869.07731120,1704153899816,False
27202618,44020.00000000,0.00033000,14.52660000,1704153899816,False
27202619,44020.70000000,0.00012000,5.28248400,1704153899816,False
27202620,44021.73000000,0.00275000,121.05975750,1704153899816,False
27202621,44022.17000000,0.01210000,532.66825700,1704153899816,False
27202622,44023.97000000,0.00053000,23.33270410,1704153899816,False
27202623,44024.59000000,0.00023000,10.12565570,1704153899816,False
27202624,44025.00000000,0.00048000,21.13200000,1704153899816,False
27202625,44025.74000000,0.00400000,176.10296000,1704153899816,False
27202626,44026.08000000,0.00010000,4.40260800,1704153899816,False
27202627,44026.76000000,0.00088000,38.74354880,1704153899816,False
27202628,44028.70000000,0.00030000,13.20861000,1704153900058,False
27202629,44029.21000000,0.00069000,30.38015490,1704153900058,False
27202630,44029.30000000,0.00086000,37.86519800,1704153900058,False
27202631,44029.31000000,0.00039000,17.17143090,1704153900058,False
27202632,44030.15000000,0.00049000,21.57477350,1704153900058,False
27202633,44030.45000000,0.00021000,9.24639450,1704153900058,False
27202634,44030.78000000,0.00101000,44.47108780,1704153900058,False
27202635,44033.56000000,0.00005000,2.20167800,1704153900058,False
27202636,44034.00000000,0.00050000,22.01700000,1704153900058,False
27202637,44034.48000000,0.00003000,1.32103440,1704153900058,False
27202638,44034.65000000,0.00114000,50.19950100,1704153900058,False
27202639,44035.87000000,0.00049000,21.57757630,1704153900058,False
27202640,44036.19000000,0.00065000,28.62352350,1704153900058,False
27202641,44015.31000000,0.00003000,1.32045930,1704153900417,True
27202642,44015.31000000,0.00003000,1.32045930,1704153900833,True
27202643,44036.76000000,0.00005000,2.20183800,1704153902128,False
27202644,44036.76000000,0.00395000,173.94520200,1704153902506,False
27202645,44037.58000000,0.00004000,1.76150320,1704153902506,False
27202646,44037.58000000,0.00293000,129.03010940,1704153904414,False
27202647,44036.76000000,0.00045000,19.81654200,1704153905844,True
27202648,44036.76000000,0.00039000,17.17433640,1704153906609,True
27202649,44037.58000000,0.00001000,0.44037580,1704153907286,False
27202650,44037.58000000,0.00086000,37.87231880,1704153910270,True
27202651,44037.58000000,0.00041000,18.05540780,1704153910270,True
27202652,44037.58000000,0.00442000,194.64610360,1704153910607,True
27202653,44037.58000000,0.00238000,104.80944040,1704153910607,True
27202654,44037.58000000,0.00581000,255.85833980,1704153910607,True
27202655,44036.76000000,0.00030000,13.21102800,1704153910607,True
27202656,44019.32000000,0.00800000,352.15456000,1704153910607,True
27202657,44019.28000000,0.02468000,1086.39583040,1704153910607,True
27202658,44019.29000000,0.00008000,3.52154320,1704153910652,True
27202659,44019.31000000,0.00008000,3.52154480,1704153910921,True
27202660,44019.31000000,0.00046000,20.24888260,1704153910996,True
27202661,44037.58000000,0.00005000,2.20187900,1704153911660,False
27202662,44037.58000000,0.00023000,10.12864340,1704153912109,False
27202663,44037.58000000,0.00012000,5.28450960,1704153916799,False
27202664,44019.40000000,0.00011000,4.84213400,1704153917252,True
27202665,44037.58000000,0.00038000,16.73428040,1704153918496,False
27202666,44037.58000000,0.00078000,34.34931240,1704153918496,False
27202667,44037.58000000,0.00078000,34.34931240,1704153918496,False
27202668,44037.67000000,0.01469000,646.91337230,1704153918496,False
27202669,44037.67000000,0.00198000,87.19458660,1704153918501,False
27202670,44038.59000000,0.00114000,50.20399260,1704153918501,False
27202671,44040.00000000,0.00020000,8.80800000,1704153918501,False
27202672,44041.37000000,0.00072000,31.70978640,1704153918501,False
27202673,44044.39000000,0.00563000,247.96991570,1704153918501,False
27202674,44048.14000000,0.00041000,18.05973740,1704153918547,False
27202675,44048.14000000,0.00192000,84.57242880,1704153918566,False
27202676,44048.24000000,0.00002000,0.88096480,1704153918566,False
27202677,44037.58000000,0.00013000,5.72488540,1704153919198,False
27202678,44037.58000000,0.00022000,9.68826760,1704153919297,False
27202679,44048.24000000,0.00003000,1.32144720,1704153919350,False
27202680,44037.58000000,0.00004000,1.76150320,1704153919400,False
27202681,44037.58000000,0.00019000,8.36714020,1704153919500,False
27202682,44023.96000000,0.00004000,1.76095840,1704153919536,True
27202683,44037.58000000,0.00339000,149.28739620,1704153920242,False
27202684,44037.58000000,0.00003000,1.32112740,1704153920242,False
27202685,44037.58000000,0.00006000,2.64225480,1704153920242,False
27202686,44037.58000000,0.00007000,3.08263060,1704153920242,False
27202687,44037.58000000,0.00106000,46.67983480,1704153920242,False
27202688,44037.58000000,0.00071000,31.26668180,1704153920242,False
27202689,44037.58000000,0.00019000,8.36714020,1704153920242,False
27202690,44041.44000000,0.00008000,3.52331520,1704153920242,False
27202691,44037.58000000,0.00130000,57.24885400,1704153920404,False
27202692,44037.58000000,0.00003000,1.32112740,1704153920504,False
27202693,44037.58000000,0.00004000,1.76150320,1704153920703,False
27202694,44037.58000000,0.00009000,3.96338220,1704153921313,False
27202695,44037.58000000,0.00077000,33.90893660,1704153921313,False
27202696,44037.58000000,0.00139000,61.21223620,1704153921313,False
27202697,44037.58000000,0.00163000,71.78125540,1704153921313,False
27202698,44040.46000000,0.00117000,51.52733820,1704153921313,False
27202699,44037.58000000,0.00133000,58.56998140,1704153921509,False
27202700,44039.10000000,0.00086000,37.87362600,1704153921509,False
27202701,44046.63000000,0.00206000,90.73605780,1704153921509,False
27202702,44046.63000000,0.00044000,19.38051720,1704153921509,False
27202703,44046.63000000,0.00019000,8.36885970,1704153921509,False
27202704,44046.63000000,0.00051000,22.46378130,1704153921509,False
27202705,44037.58000000,0.00004000,1.76150320,1704153921610,False
27202706,44037.58000000,0.00008000,3.52300640,1704153921806,False
27202707,44037.58000000,0.00197000,86.75403260,1704153921806,False
27202708,44037.58000000,0.00067000,29.50517860,1704153922091,False
27202709,44038.87000000,0.00159000,70.02180330,1704153922107,True
27202710,44038.88000000,0.00028000,12.33088640,1704153922207,True
27202711,44038.88000000,0.00008000,3.52311040,1704153922210,True
27202712,44037.58000000,0.00046000,20.25728680,1704153922322,False
27202713,44037.58000000,0.00004000,1.76150320,1704153922515,False
27202714,44042.85000000,0.00038000,16.73628300,1704153922515,False
27202715,44037.58000000,0.00635000,279.63863300,1704153922615,False
27202716,44048.24000000,0.00074000,32.59569760,1704153922615,False
27202717,44037.58000000,0.00274000,120.66296920,1704153923274,False
27202718,44037.58000000,0.00148000,65.17561840,1704153923274,False
27202719,44037.58000000,0.00006000,2.64225480,1704153923274,False
27202720,44046.63000000,0.00095000,41.84429850,1704153923274,False
27202721,44048.95000000,0.00021000,9.25027950,1704153923274,False
27202722,44050.00000000,0.00020000,8.81000000,1704153923274,False
27202723,44050.14000000,0.00800000,352.40112000,1704153923274,False
27202724,44050.15000000,0.05150000,2268.58272500,1704153923274,False
27202725,44050.44000000,0.00227000,99.99449880,1704153923274,False
27202726,44051.20000000,0.00114000,50.21836800,1704153923274,False
27202727,44053.05000000,0.02589000,1140.53346450,1704153923274,False
27202728,44053.86000000,0.00036000,15.85938960,1704153923274,False
27202729,44054.65000000,0.00205000,90.31203250,1704153923274,False
27202730,44055.51000000,0.00011000,4.84610610,1704153923274,False
27202731,44055.72000000,0.00003000,1.32167160,1704153923274,False
27202732,44056.68000000,0.00040000,17.62267200,1704153923274,False
27202733,44056.68000000,0.00031000,13.65757080,1704153923274,False
27202734,44056.88000000,0.00004000,1.76227520,1704153923274,False
27202735,44057.75000000,0.00049000,21.58829750,1704153923274,False
27202736,44058.74000000,0.00229000,100.89451460,1704153923274,False
27202737,44059.99000000,0.00322000,141.87316780,1704153923274,False
27202738,44060.95000000,0.00400000,176.24380000,1704153923274,False
27202739,44062.70000000,0.00062000,27.31887400,1704153923274,False
27202740,44063.07000000,0.00023000,10.13450610,1704153923274,False
27202741,44063.59000000,0.00004000,1.76254360,1704153923274,False
27202742,44063.59000000,0.00087000,38.33532330,1704153923274,False
27202743,44064.02000000,0.00129000,56.84258580,1704153923274,False
27202744,44065.02000000,0.00509000,224.29095180,1704153923274,False
27202745,44065.12000000,0.04246000,1871.00499520,1704153923274,False
27202746,44065.44000000,0.00207000,91.21546080,1704153923274,False
27202747,44066.07000000,0.00012000,5.28792840,1704153923274,False
27202748,44066.40000000,0.00100000,44.06640000,1704153923274,False
27202749,44067.43000000,0.00291000,128.23622130,1704153923274,False
27202750,44067.83000000,0.00216000,95.18651280,1704153923274,False
27202751,44067.83000000,0.00216000,95.18651280,1704153923274,False
27202752,44068.37000000,0.00012000,5.28820440,1704153923274,False
27202753,44068.97000000,0.00125000,55.08621250,1704153923274,False
27202754,44069.13000000,0.00006000,2.64414780,1704153923274,False
27202755,44070.55000000,0.00072000,31.73079600,1704153923274,False
27202756,44070.66000000,0.00012000,5.28847920,1704153923274,False
27202757,44070.66000000,0.00012000,5.28847920,1704153923274,False
27202758,44070.66000000,0.00043000,18.95038380,1704153923274,False
27202759,44071.97000000,0.00125000,55.08996250,1704153923274,False
27202760,44073.45000000,0.00072000,31.73288400,1704153923274,False
27202761,44074.56000000,0.00072000,31.73368320,1704153923274,False
27202762,44074.59000000,0.00279000,122.96810610,1704153923274,False
27202763,44075.00000000,0.00020000,8.81500000,1704153923274,False
27202764,44077.57000000,0.00005000,2.20387850,1704153923274,False
27202765,44077.60000000,0.00090000,39.66984000,1704153923274,False
27202766,44077.69000000,0.00055000,24.24272950,1704153923274,False
27202767,44077.69000000,0.00022000,9.69709180,1704153923274,False
27202768,44077.69000000,0.00044000,19.39418360,1704153923274,False
27202769,44077.72000000,0.00003000,1.32233160,1704153923274,False
27202770,44077.72000000,0.00003000,1.32233160,1704153923274,False
27202771,44077.72000000,0.00005000,2.20388600,1704153923274,False
27202772,44078.27000000,0.00095000,41.87435650,1704153923274,False
27202773,44078.56000000,0.00066000,29.09184960,1704153923274,False
27202774,44078.66000000,0.00239000,105.34799740,1704153923274,False
27202775,44079.60000000,0.00039000,17.19104400,1704153923274,False
27202776,44080.46000000,0.00003000,1.32241380,1704153923274,False
27202777,44081.43000000,0.00023000,10.13872890,1704153923274,False
27202778,44082.12000000,0.00004000,1.76328480,1704153923274,False
27202779,44082.12000000,0.00267000,117.69926040,1704153923274,False
27202780,44082.99000000,0.00400000,176.33196000,1704153923274,False
27202781,44083.22000000,0.00072000,31.73991840,1704153923274,False
27202782,44083.47000000,0.00016000,7.05335520,1704153923274,False
27202783,44084.19000000,0.00057000,25.12798830,1704153923274,False
27202784,44084.35000000,0.00072000,31.74073200,1704153923274,False
27202785,44084.35000000,0.00072000,31.74073200,1704153923274,False
27202786,44084.44000000,0.00990000,436.43595600,1704153923274,False
27202787,44085.00000000,0.01250000,551.06250000,1704153923274,False
27202788,44085.00000000,0.02268000,999.84780000,1704153923274,False
27202789,44085.39000000,0.00460000,202.79279400,1704153923274,False
27202790,44085.43000000,0.00049000,21.60186070,1704153923274,False
27202791,44086.22000000,0.00069000,30.41949180,1704153923274,False
27202792,44087.22000000,0.00072000,31.74279840,1704153923274,False
27202793,44087.79000000,0.00008000,3.52702320,1704153923274,False
27202794,44087.90000000,0.00032000,14.10812800,1704153923274,False
27202795,44088.47000000,0.00080000,35.27077600,1704153923274,False
27202796,44088.90000000,0.00458000,201.92716200,1704153923274,False
27202797,44088.95000000,0.00057000,25.13070150,1704153923274,False
27202798,44090.13000000,0.00387000,170.62880310,1704153923274,False
27202799,44091.23000000,0.00058000,25.57291340,1704153923274,False
27202800,44092.03000000,0.00111000,48.94215330,1704153923274,False
27202801,44092.07000000,0.01321000,582.45624470,1704153923274,False
27202802,44092.33000000,0.00229000,100.97143570,1704153923274,False
27202803,44093.90000000,0.00316000,139.33672400,1704153923274,False
27202804,44094.01000000,0.00400000,176.37604000,1704153923274,False
27202805,44094.01000000,0.00600000,264.56406000,1704153923274,False
27202806,44094.36000000,0.00056000,24.69284160,1704153923274,False
27202807,44095.10000000,0.00011000,4.85046100,1704153923274,False
27202808,44095.80000000,0.00016000,7.05532800,1704153923274,False
27202809,44095.91000000,0.00064000,28.22138240,1704153923274,False
27202810,44098.44000000,0.00024000,10.58362560,1704153923274,False
27202811,44098.45000000,0.00024000,10.58362800,1704153923274,False
27202812,44098.72000000,0.00010000,4.40987200,1704153923274,False
27202813,44099.25000000,0.00077000,33.95642250,1704153923274,False
27202814,44099.60000000,0.00036000,15.87585600,1704153923274,False
27202815,44100.00000000,0.07100000,3131.10000000,1704153923274,False
27202816,44100.00000000,0.00197000,86.87700000,1704153923274,False
27202817,44100.00000000,0.04900000,2160.90000000,1704153923274,False
27202818,44100.00000000,0.01417000,624.89700000,1704153923274,False
27202819,44100.00000000,0.00150000,66.15000000,1704153923274,False
27202820,44100.00000000,0.11364000,5011.52400000,1704153923274,False
27202821,44042.53000000,0.00008000,3.52340240,1704153923636,True
27202822,44042.53000000,0.00100000,44.04253000,1704153923788,True
27202823,44052.03000000,0.00005000,2.20260150,1704153924537,True
27202824,44052.03000000,0.00014000,6.16728420,1704153924838,True
27202825,44052.03000000,0.00008000,3.52416240,1704153925862,True
27202826,44099.99000000,0.00012000,5.29199880,1704153927069,False
27202827,44099.99000000,0.00050000,22.04999500,1704153927069,False
27202828,44099.99000000,0.00007000,3.08699930,1704153927069,False
27202829,44099.99000000,0.00002000,0.88199980,1704153931506,False
27202830,44099.99000000,0.00050000,22.04999500,1704153931506,False
27202831,44099.99000000,0.00175000,77.17498250,1704153931511,True
27202832,44099.99000000,0.00288000,127.00797120,1704153931517,True
27202833,44100.00000000,0.00012000,5.29200000,1704153931704,False
27202834,44100.00000000,0.00044000,19.40400000,1704153931895,False
27202835,44099.99000000,0.00341000,150.38096590,1704153932672,True
27202836,44100.00000000,0.00023000,10.14300000,1704153934127,False
27202837,44100.00000000,0.00008000,3.52800000,1704153934354,False
27202838,44100.00000000,0.00090000,39.69000000,1704153935212,False
27202839,44100.00000000,0.01122000,494.80200000,1704153936606,False
27202840,44100.00000000,0.00003000,1.32300000,1704153936980,False
27202841,44100.00000000,0.00057000,25.13700000,1704153937006,False
27202842,44100.00000000,0.00012000,5.29200000,1704153937059,False
27202843,44100.00000000,0.00054000,23.81400000,1704153937105,False
27202844,44100.00000000,0.00022000,9.70200000,1704153937115,False
27202845,44053.92000000,0.00500000,220.26960000,1704153937150,True
27202846,44099.99000000,0.00043000,18.96299570,1704153937241,False
27202847,44099.99000000,0.00450000,198.44995500,1704153937346,False
27202848,44100.00000000,0.04086000,1801.92600000,1704153937346,False
27202849,44100.00000000,0.00012000,5.29200000,1704153937757,False
27202850,44100.00000000,0.02581000,1138.22100000,1704153937812,False
27202851,44100.00000000,0.01133000,499.65300000,1704153937862,False
27202852,44094.28000000,0.00021000,9.25979880,1704153939062,False
27202853,44094.28000000,0.00005000,2.20471400,1704153939185,False
27202854,44094.28000000,0.00012000,5.29131360,1704153939637,False
27202855,44094.28000000,0.00003000,1.32282840,1704153940618,False
27202856,44094.28000000,0.00323000,142.42452440,1704153941402,False
27202857,44094.28000000,0.00152000,67.02330560,1704153942600,False
27202858,44094.28000000,0.00263000,115.96795640,1704153943777,False
27202859,44094.28000000,0.00142000,62.61387760,1704153944956,False
27202860,44094.28000000,0.00054000,23.81091120,1704153946472,False
27202861,44094.28000000,0.00569000,250.89645320,1704153947715,False
27202862,44094.28000000,0.00013000,5.73225640,1704153948706,False
27202863,44094.28000000,0.00597000,263.24285160,1704153948928,False
27202864,44094.28000000,0.00381000,167.99920680,1704153950155,False
27202865,44056.53000000,0.00270000,118.95263100,1704153950561,True
27202866,44094.28000000,0.00354000,156.09375120,1704153951672,False
27202867,44094.28000000,0.00698000,307.77807440,1704153952864,False
27202868,44056.59000000,0.00621000,273.59142390,1704153953420,True
27202869,44058.57000000,0.00004000,1.76234280,1704153953563,True
27202870,44058.56000000,0.00500000,220.29280000,1704153953577,True
27202871,44094.28000000,0.00389000,171.52674920,1704153954057,False
27202872,44094.28000000,0.00676000,298.07733280,1704153955237,False
27202873,44094.28000000,0.01187000,523.39910360,1704153956408,False
27202874,44094.28000000,0.00181000,79.81064680,1704153957583,False
27202875,44100.00000000,0.00963000,424.68300000,1704153957583,False
27202876,44068.39000000,0.00006000,2.64410340,1704153957902,True
27202877,44100.00000000,0.00039000,17.19900000,1704153958692,False
27202878,44100.00000000,0.00365000,160.96500000,1704153958755,False
27202879,44100.00000000,0.00372000,164.05200000,1704153959930,False
27202880,44100.00000000,0.00424000,186.98400000,1704153961152,False
27202881,44068.39000000,0.00444000,195.66365160,1704153961511,True
27202882,44068.39000000,0.00257000,113.25576230,1704153961511,True
27202883,44068.39000000,0.00571000,251.63050690,1704153961511,True
27202884,44068.39000000,0.00256000,112.81507840,1704153961511,True
27202885,44068.39000000,0.00153000,67.42463670,1704153961993,True
27202886,44058.61000000,0.00347000,152.88337670,1704153961993,True
27202887,44099.99000000,0.00350000,154.34996500,1704153962321,False
27202888,44099.99000000,0.00860000,379.25991400,1704153962321,False
27202889,44099.99000000,0.00192000,84.67198080,1704153963505,False
27202890,44100.00000000,0.00189000,83.34900000,1704153963505,False
27202891,44100.00000000,0.00448000,197.56800000,1704153964680,False
27202892,44100.00000000,0.06011000,2650.85100000,1704153965684,False
27202893,44100.00000000,0.00619000,272.97900000,1704153966190,False
27202894,44063.44000000,0.00016000,7.05015040,1704153966868,True
27202895,44063.44000000,0.00005000,2.20317200,1704153966922,True
27202896,44063.44000000,0.00023000,10.13459120,1704153967045,True
27202897,44099.99000000,0.00050000,22.04999500,1704153967397,False
27202898,44100.00000000,0.01243000,548.16300000,1704153967397,False
27202899,44063.44000000,0.00800000,352.50752000,1704153967399,True
27202900,44063.44000000,0.00577000,254.24604880,1704153967399,True
27202901,44099.99000000,0.00524000,231.08394760,1704153969331,False
27202902,44099.99000000,0.00680000,299.87993200,1704153971165,False
27202903,44099.99000000,0.00300000,132.29997000,1704153971165,False
27202904,44100.00000000,0.00265000,116.86500000,1704153971165,False
27202905,44100.00000000,0.01617000,713.09700000,1704153973000,False
27202906,44100.00000000,0.00381000,168.02100000,1704153974830,False
27202907,44100.00000000,0.01956000,862.59600000,1704153976674,False
27202908,44100.00000000,0.00008000,3.52800000,1704153977548,False
27202909,44100.00000000,0.00798000,351.91800000,1704153977883,False
27202910,44100.00000000,0.00848000,373.96800000,1704153978142,False
27202911,44100.00000000,0.00884000,389.84400000,1704153978528,False
27202912,44100.00000000,0.02711000,1195.55100000,1704153978776,False
27202913,44100.00000000,0.00906000,399.54600000,1704153980370,False
27202914,44100.00000000,0.02172000,957.85200000,1704153981264,False
27202915,44100.00000000,0.00539000,237.69900000,1704153981288,False
27202916,44100.00000000,0.00003000,1.32300000,1704153981338,False
27202917,44100.00000000,0.00179000,78.93900000,1704153982027,False
27202918,44100.00000000,0.03447000,1520.12700000,1704153982027,False
27202919,44100.00000000,0.02326000,1025.76600000,1704153982145,False
27202920,44100.00000000,0.02604000,1148.36400000,1704153982354,False
27202921,44100.00000000,0.00531000,234.17100000,1704153982733,False
27202922,44100.00000000,0.09778000,4312.09800000,1704153982930,False
27202923,44100.78000000,0.00024000,10.58418720,1704153982930,False
27202924,44102.01000000,0.00205000,90.40912050,1704153982930,False
27202925,44102.30000000,0.00057000,25.13831100,1704153982930,False
27202926,44102.54000000,0.00030000,13.23076200,1704153982930,False
27202927,44103.71000000,0.00012000,5.29244520,1704153982930,False
27202928,44103.80000000,0.00050000,22.05190000,1704153982930,False
27202929,44104.17000000,0.02072000,913.83840240,1704153982930,False
27202930,44104.74000000,0.00035000,15.43665900,1704153982930,False
27202931,44105.75000000,0.00028000,12.34961000,1704153983057,False
27202932,44105.84000000,0.00072000,31.75620480,1704153983057,False
27202933,44105.97000000,0.01998000,881.23728060,1704153983057,False
27202934,44107.69000000,0.01009000,445.04659210,1704153983057,False
27202935,44107.69000000,0.02197000,969.04594930,1704153983158,False
27202936,44108.06000000,0.00114000,50.28318840,1704153983158,False
27202937,44108.43000000,0.00024000,10.58602320,1704153983158,False
27202938,44108.44000000,0.00009000,3.96975960,1704153983158,False
27202939,44109.84000000,0.00072000,31.75908480,1704153983158,False
27202940,44110.56000000,0.00096000,42.34613760,1704153983158,False
27202941,44110.56000000,0.00332000,146.44705920,1704153983260,False
27202942,44086.35000000,0.00003000,1.32259050,1704153983409,True
27202943,44110.56000000,0.03629000,1600.77222240,1704153983535,False
27202944,44110.56000000,0.00182000,80.28121920,1704153983602,False
27202945,44089.83000000,0.00103000,45.41252490,1704153983917,True
27202946,44110.56000000,0.00007000,3.08773920,1704153984208,False
27202947,44110.65000000,0.00473000,208.64337450,1704153984208,False
27202948,44110.90000000,0.00066000,29.11319400,1704153984208,False
27202949,44111.00000000,0.00020000,8.82220000,1704153984208,False
27202950,44111.40000000,0.00086000,37.93580400,1704153984208,False
27202951,44113.14000000,0.00022000,9.70489080,1704153984208,False
27202952,44113.86000000,0.00306000,134.98841160,1704153984208,False
27202953,44116.86000000,0.00221000,97.49826060,1704153984208,False
27202954,44117.60000000,0.00011000,4.85293600,1704153984208,False
27202955,44117.97000000,0.00005000,2.20589850,1704153984208,False
27202956,44118.12000000,0.00777000,342.79779240,1704153984208,False
27202957,44121.22000000,0.00057000,25.14909540,1704153984208,False
27202958,44121.90000000,0.00358000,157.95640200,1704153984208,False
27202959,44122.00000000,0.00050000,22.06100000,1704153984208,False
27202960,44094.38000000,0.00340000,149.92089200,1704153984237,True
27202961,44094.41000000,0.02500000,1102.36025000,1704153984788,True
27202962,44094.43000000,0.00039000,17.19682770,1704153986884,True
27202963,44094.46000000,0.00004000,1.76377840,1704153987799,True
27202964,44094.67000000,0.00873000,384.94646910,1704153989288,True
27202965,44112.00000000,0.00079000,34.84848000,1704153989442,False
27202966,44123.64000000,0.00645000,284.59747800,1704153989442,False
27202967,44123.73000000,0.00600000,264.74238000,1704153989442,False
27202968,44124.53000000,0.00052000,22.94475560,1704153989442,False
27202969,44125.00000000,0.00116000,51.18500000,1704153989442,False
27202970,44126.44000000,0.00003000,1.32379320,1704153989442,False
27202971,44126.19000000,0.00004000,1.76504760,1704153990819,False
27202972,44127.36000000,0.00012000,5.29528320,1704153990819,False
27202973,44127.36000000,0.00060000,26.47641600,1704153992256,False
27202974,44127.36000000,0.00072000,31.77169920,1704153992256,False
27202975,44130.00000000,0.00033000,14.56290000,1704153994746,False
27202976,44130.05000000,0.00006000,2.64780300,1704153994746,False
27202977,44130.05000000,0.00095000,41.92354750,1704153996621,False
27202978,44130.66000000,0.00116000,51.19156560,1704153996621,False
27202979,44131.69000000,0.00023000,10.15028870,1704153997734,False
27202980,44131.31000000,0.00004000,1.76525240,1704153997927,True
27202981,44131.69000000,0.00034000,15.00477460,1704153999867,False
27202982,44131.31000000,0.01943000,857.47135330,1704154000192,True
27202983,44131.31000000,0.00557000,245.81139670,1704154000192,True
27202984,44131.69000000,0.00012000,5.29580280,1704154000744,False
27202985,44131.69000000,0.00353000,155.78486570,1704154001053,False
27202986,44131.71000000,0.00039000,17.21136690,1704154002823,True
27202987,44134.77000000,0.00400000,176.53908000,1704154003496,False
27202988,44134.77000000,0.00600000,264.80862000,1704154003496,False
27202989,44135.00000000,0.00048000,21.18480000,1704154003496,False
27202990,44135.73000000,0.00093000,41.04622890,1704154003496,False
27202991,44137.83000000,0.00228000,100.63425240,1704154003496,False
27202992,44137.83000000,0.00056000,24.71718480,1704154003496,False
27202993,44137.83000000,0.00057000,25.15856310,1704154003496,False
27202994,44139.36000000,0.00023000,10.15205280,1704154003496,False
27202995,44139.66000000,0.00072000,31.78055520,1704154003496,False
27202996,44139.72000000,0.00012000,5.29676640,1704154003496,False
27202997,44140.08000000,0.00216000,95.34257280,1704154003496,False
27202998,44140.48000000,0.00072000,31.78114560,1704154003496,False
27202999,44140.70000000,0.00049000,21.62894300,1704154003496,False
27203000,44142.33000000,0.02533000,1118.12521890,1704154003496,False
27203001,44142.33000000,0.00589000,259.99832370,1704154005119,False
27203002,44142.34000000,0.00006000,2.64854040,1704154006170,True
27203003,44142.52000000,0.00028000,12.35990560,1704154007777,False
27203004,44142.60000000,0.00117000,51.64684200,1704154008194,False
27203005,44143.14000000,0.00207000,91.37629980,1704154008194,False
27203006,44143.74000000,0.00553000,244.11488220,1704154008194,False
27203007,44144.98000000,0.00228000,100.65055440,1704154008194,False
27203008,44145.21000000,0.00076000,33.55035960,1704154008194,False
27203009,44145.39000000,0.00036000,15.89234040,1704154008194,False
27203010,44145.80000000,0.00400000,176.58320000,1704154008194,False
27203011,44145.80000000,0.00600000,264.87480000,1704154008194,False
27203012,44145.82000000,0.00012000,5.29749840,1704154008194,False
27203013,44145.98000000,0.00024000,10.59503520,1704154008194,False
27203014,44146.58000000,0.00095000,41.93925100,1704154008194,False
27203015,44147.09000000,0.00014000,6.18059260,1704154008194,False
27203016,44147.28000000,0.00096000,42.38138880,1704154008194,False
27203017,44148.21000000,0.00007000,3.09037470,1704154008194,False
27203018,44148.63000000,0.00091000,40.17525330,1704154008194,False
27203019,44149.41000000,0.00205000,90.50629050,1704154008194,False
27203020,44142.55000000,0.00025000,11.03563750,1704154010111,True
27203021,44142.55000000,0.00025000,11.03563750,1704154010377,True
27203022,44142.55000000,0.00629000,277.65663950,1704154011592,True
27203023,44142.33000000,0.00181000,79.89761730,1704154011592,True
27203024,44142.52000000,0.00453000,199.96561560,1704154011847,True
27203025,44149.99000000,0.00039000,17.21849610,1704154013937,False
27203026,44149.99000000,0.00550000,242.82494500,1704154013937,False
27203027,44149.99000000,0.00679000,299.77843210,1704154013937,False
27203028,44150.00000000,0.05165000,2280.34750000,1704154013937,False
27203029,44150.84000000,0.00686000,302.87476240,1704154013937,False
27203030,44151.00000000,0.00699000,308.61549000,1704154013937,False
27203031,44151.00000000,0.26826000,11843.94726000,1704154013937,False
27203032,44151.08000000,0.00005000,2.20755400,1704154013937,False
27203033,44154.40000000,0.05099000,2251.43285600,1704154013937,False
27203034,44154.69000000,0.00022000,9.71403180,1704154013937,False
27203035,44156.05000000,0.04246000,1874.86588300,1704154013937,False
27203036,44156.84000000,0.00400000,176.62736000,1704154013937,False
27203037,44156.84000000,0.00600000,264.94104000,1704154013937,False
27203038,44157.30000000,0.00069000,30.46853700,1704154013937,False
27203039,44157.45000000,0.00521000,230.06031450,1704154013937,False
27203040,44157.51000000,0.00079000,34.88443290,1704154013937,False
27203041,44160.00000000,0.01364000,602.34240000,1704154013937,False
27203042,44154.40000000,0.00569000,251.23853600,1704154014184,False
27203043,44154.40000000,0.04530000,2000.19432000,1704154017167,False
27203044,44154.40000000,0.04460000,1969.28624000,1704154017170,True
27203045,44154.40000000,0.00057000,25.16800800,1704154017696,True
27203046,44154.40000000,0.05099000,2251.43285600,1704154019454,True
27203047,44160.00000000,0.00114000,50.34240000,1704154019899,False
27203048,44160.00000000,0.00003000,1.32480000,1704154024628,False
27203049,44154.40000000,0.02258000,997.00635200,1704154025310,True
27203050,44160.00000000,0.00548000,241.99680000,1704154030444,False
27203051,44160.00000000,0.00091000,40.18560000,1704154037428,False
27203052,44160.00000000,0.00023000,10.15680000,1704154037966,False
27203053,44160.00000000,0.00057000,25.17120000,1704154038093,False
27203054,44160.00000000,0.00057000,25.17120000,1704154038696,False
27203055,44160.00000000,0.00227000,100.24320000,1704154039238,False
27203056,44160.00000000,0.00227000,100.24320000,1704154039526,False
27203057,44160.00000000,0.00068000,30.02880000,1704154040772,False
27203058,44160.00000000,0.00023000,10.15680000,1704154040853,False
27203059,44160.00000000,0.00007000,3.09120000,1704154042636,False
27203060,44154.40000000,0.00219000,96.69813600,1704154042981,True
27203061,44154.41000000,0.00419000,185.00697790,1704154044213,True
27203062,44154.41000000,0.00335000,147.91727350,1704154045424,True
27203063,44154.41000000,0.00086000,37.97279260,1704154046518,True
27203064,44154.41000000,0.00258000,113.91837780,1704154046611,True
27203065,44154.41000000,0.00107000,47.24521870,1704154046611,True
27203066,44160.00000000,0.00007000,3.09120000,1704154047422,False
27203067,44160.00000000,0.16578000,7320.84480000,1704154047443,False
27203068,44154.40000000,0.00141000,62.25770400,1704154047816,True
27203069,44160.00000000,0.00606000,267.60960000,1704154052079,False
27203070,44160.00000000,0.01658000,732.17280000,1704154052079,False
27203071,44160.00000000,0.00035000,15.45600000,1704154053829,False
27203072,44160.00000000,0.00003000,1.32480000,1704154054661,False
27203073,44160.00000000,0.00978000,431.88480000,1704154055240,False
27203074,44160.00000000,0.01371000,605.43360000,1704154056635,False
27203075,44160.00000000,0.00003000,1.32480000,1704154057207,False
27203076,44160.00000000,0.00057000,25.17120000,1704154057209,False
27203077,44160.00000000,0.00107000,47.25120000,1704154057525,False
27203078,44160.00000000,0.01355000,598.36800000,1704154057782,False
27203079,44160.00000000,0.01355000,598.36800000,1704154057825,False
27203080,44160.00000000,0.00003000,1.32480000,1704154059590,False
27203081,44160.00000000,0.00007000,3.09120000,1704154059899,False
27203082,44160.00000000,0.00003000,1.32480000,1704154061881,False
27203083,44160.00000000,0.00003000,1.32480000,1704154063980,False
27203084,44160.00000000,0.00042000,18.54720000,1704154064600,False
27203085,44160.00000000,0.00239000,105.54240000,1704154064656,False
27203086,44160.00000000,0.00003000,1.32480000,1704154066133,False
27203087,44159.99000000,0.00003000,1.32479970,1704154068207,False
27203088,44154.40000000,0.00025000,11.03860000,1704154069333,True
27203089,44155.00000000,0.00004000,1.76620000,1704154077167,False
27203090,44159.99000000,0.00679000,299.84633210,1704154077167,False
27203091,44160.00000000,0.03501000,1546.04160000,1704154077167,False
27203092,44160.00000000,0.00003000,1.32480000,1704154079862,False
27203093,44154.41000000,0.00003000,1.32463230,1704154080342,True
27203094,44160.00000000,0.00004000,1.76640000,1704154083858,False
27203095,44159.99000000,0.00238000,105.10077620,1704154084361,False
27203096,44160.00000000,0.00003000,1.32480000,1704154084982,False
27203097,44160.00000000,0.00003000,1.32480000,1704154087555,False
27203098,44160.00000000,0.00003000,1.32480000,1704154089979,False
27203099,44154.41000000,0.00004000,1.76617640,1704154091011,True
27203100,44154.41000000,0.00003000,1.32463230,1704154092349,True
27203101,44160.00000000,0.01225000,540.96000000,1704154095514,False
27203102,44160.00000000,0.03816000,1685.14560000,1704154095847,False
27203103,44160.00000000,0.00003000,1.32480000,1704154097404,False
27203104,44159.99000000,0.00003000,1.32479970,1704154100168,False
27203105,44159.99000000,0.00250000,110.39997500,1704154101152,False
27203106,44160.00000000,0.04217000,1862.22720000,1704154101152,False
27203107,44160.49000000,0.00005000,2.20802450,1704154101626,False
27203108,44160.49000000,0.00012000,5.29925880,1704154101626,False
27203109,44160.49000000,0.00003000,1.32481470,1704154101626,False
27203110,44161.20000000,0.00002000,0.88322400,1704154101626,False
27203111,44160.00000000,0.00047000,20.75520000,1704154102131,True
27203112,44161.20000000,0.00111000,49.01893200,1704154102785,False
27203113,44162.30000000,0.00039000,17.22329700,1704154102785,False
27203114,44162.33000000,0.00305000,134.69510650,1704154102785,False
27203115,44162.36000000,0.00005000,2.20811800,1704154104641,False
27203116,44162.33000000,0.00023000,10.15733590,1704154104891,True
27203117,44162.36000000,0.00004000,1.76649440,1704154105382,False
27203118,44162.62000000,0.00003000,1.32487860,1704154105917,False
27203119,44162.36000000,0.00004000,1.76649440,1704154106919,True
27203120,44162.36000000,0.00004000,1.76649440,1704154106991,True
27203121,44162.36000000,0.00105000,46.37047800,1704154106999,True
27203122,44162.36000000,0.00001000,0.44162360,1704154107098,True
27203123,44162.33000000,0.00138000,60.94401540,1704154107098,True
27203124,44162.33000000,0.00119000,52.55317270,1704154107105,True
27203125,44162.33000000,0.00077000,34.00499410,1704154107157,True
27203126,44162.33000000,0.00197000,86.99979010,1704154107170,True
27203127,44162.33000000,0.00158000,69.77648140,1704154109277,True
27203128,44162.62000000,0.00008000,3.53300960,1704154110030,False
27203129,44162.33000000,0.02674000,1180.90070420,1704154111000,True
27203130,44162.62000000,0.00355000,156.77730100,1704154111590,False
27203131,44164.12000000,0.00004000,1.76656480,1704154111590,False
27203132,44166.03000000,0.00056000,24.73297680,1704154111590,False
27203133,44166.03000000,0.00004000,1.76664120,1704154112111,False
27203134,44166.03000000,0.00012000,5.29992360,1704154112760,False
27203135,44166.21000000,0.00043000,18.99147030,1704154112760,False
27203136,44166.22000000,0.00044000,19.43313680,1704154112760,False
27203137,44166.22000000,0.00012000,5.29994640,1704154112760,False
27203138,44166.22000000,0.00090000,39.74959800,1704154112760,False
27203139,44166.22000000,0.00012000,5.29994640,1704154112760,False
27203140,44166.22000000,0.00054000,23.84975880,1704154112760,False
27203141,44166.22000000,0.00003000,1.32498660,1704154112760,False
27203142,44166.22000000,0.00022000,9.71656840,1704154112760,False
27203143,44166.22000000,0.00007000,3.09163540,1704154112760,False
27203144,44166.22000000,0.00005000,2.20831100,1704154113952,False
27203145,44166.22000000,0.00234000,103.34895480,1704154113952,False
27203146,44166.22000000,0.00326000,143.98187720,1704154115125,False
27203147,44166.22000000,0.00003000,1.32498660,1704154116044,False
27203148,44166.22000000,0.00118000,52.11613960,1704154116310,False
27203149,44166.03000000,0.00003000,1.32498090,1704154116313,True
27203150,44166.03000000,0.00005000,2.20830150,1704154116313,True
27203151,44162.33000000,0.00026000,11.48220580,1704154116313,True
27203152,44166.22000000,0.00020000,8.83324400,1704154116894,False
27203153,44166.22000000,0.00121000,53.44112620,1704154117498,False
27203154,44166.22000000,0.00003000,1.32498660,1704154118448,False
27203155,44166.22000000,0.00477000,210.67286940,1704154118684,False
27203156,44162.33000000,0.00003000,1.32486990,1704154119363,True
27203157,44166.22000000,0.00330000,145.74852600,1704154119857,False
27203158,44166.22000000,0.00012000,5.29994640,1704154119893,False
27203159,44166.22000000,0.00350000,154.58177000,1704154121037,False
27203160,44166.22000000,0.00003000,1.32498660,1704154121167,False
27203161,44166.22000000,0.00202000,89.21576440,1704154122208,False
27203162,44161.20000000,0.00004000,1.76644800,1704154122762,True
27203163,44166.22000000,0.00043000,18.99147460,1704154123038,False
27203164,44166.22000000,0.00022000,9.71656840,1704154123399,False
27203165,44166.22000000,0.00384000,169.59828480,1704154123403,False
27203166,44166.22000000,0.00054000,23.84975880,1704154123750,False
27203167,44166.22000000,0.00044000,19.43313680,1704154123779,False
27203168,44166.22000000,0.00012000,5.29994640,1704154124337,False
27203169,44166.22000000,0.00003000,1.32498660,1704154124471,False
27203170,44166.22000000,0.00644000,284.43045680,1704154124597,False
27203171,44166.22000000,0.00090000,39.74959800,1704154125563,False
27203172,44166.22000000,0.00959000,423.55404980,1704154126115,False
27203173,44166.22000000,0.00477000,210.67286940,1704154127289,False
27203174,44166.22000000,0.00012000,5.29994640,1704154128555,False
27203175,44166.22000000,0.01068000,471.69522960,1704154128825,False
27203176,44167.74000000,0.00140000,61.83483600,1704154128825,False
27203177,44167.89000000,0.00036000,15.90044040,1704154128825,False
27203178,44167.89000000,0.00364000,160.77111960,1704154130022,False
27203179,44167.89000000,0.00600000,265.00734000,1704154130022,False
27203180,44168.25000000,0.00385000,170.04776250,1704154130022,False
27203181,44168.41000000,0.00013000,5.74189330,1704154130022,False
27203182,44168.41000000,0.00102000,45.05177820,1704154131227,False
27203183,44169.69000000,0.00155000,68.46301950,1704154131227,False
27203184,44172.41000000,0.00003000,1.32517230,1704154131227,False
27203185,44172.72000000,0.00076000,33.57126720,1704154131227,False
27203186,44172.98000000,0.00046000,20.31957080,1704154131227,False
27203187,44172.98000000,0.00029000,12.81016420,1704154131227,False
27203188,44172.98000000,0.00021000,9.27632580,1704154132397,False
27203189,44172.98000000,0.00046000,20.31957080,1704154132397,False
27203190,44174.19000000,0.00069000,30.48019110,1704154132397,False
27203191,44175.00000000,0.00020000,8.83500000,1704154132397,False
27203192,44176.01000000,0.00055000,24.29680550,1704154132397,False
27203193,44176.50000000,0.00023000,10.16059500,1704154132397,False
27203194,44176.91000000,0.00240000,106.02458400,1704154132397,False
27203195,44178.93000000,0.00400000,176.71572000,1704154132397,False
27203196,44178.93000000,0.00272000,120.16668960,1704154132397,False
27203197,44161.20000000,0.00051000,22.52221200,1704154133367,True
27203198,44178.92000000,0.00114000,50.36396880,1704154134094,False
27203199,44178.92000000,0.00111000,49.03860120,1704154134621,False
27203200,44178.93000000,0.00328000,144.90689040,1704154134621,False
27203201,44178.93000000,0.00111000,49.03861230,1704154134659,True
27203202,44180.03000000,0.00023000,10.16140690,1704154136339,False
27203203,44178.93000000,0.00056000,24.74020080,1704154136636,True
27203204,44180.03000000,0.00066000,29.15881980,1704154138532,False
27203205,44180.03000000,0.00189000,83.50025670,1704154138587,False
27203206,44178.93000000,0.00004000,1.76715720,1704154138706,True
27203207,44180.03000000,0.00047000,20.76461410,1704154139725,False
27203208,44180.03000000,0.00331000,146.23589930,1704154139725,False
27203209,44180.03000000,0.00873000,385.69166190,1704154141228,False
27203210,44180.03000000,0.01197000,528.83495910,1704154142403,False
27203211,44180.03000000,0.00953000,421.03568590,1704154143676,False
27203212,44180.03000000,0.00548000,242.10656440,1704154144853,False
27203213,44180.03000000,0.02211000,976.82046330,1704154146043,False
27203214,44180.03000000,0.00794000,350.78943820,1704154147216,False
27203215,44178.93000000,0.05099000,2252.68364070,1704154147373,True
27203216,44178.93000000,0.00292000,129.00247560,1704154147377,True
27203217,44178.93000000,0.04807000,2123.68116510,1704154147377,True
27203218,44178.93000000,0.00516000,227.96327880,1704154147380,True
27203219,44180.02000000,0.00282000,124.58765640,1704154148396,False
27203220,44161.20000000,0.00114000,50.34376800,1704154148945,True
27203221,44168.40000000,0.00057000,25.17598800,1704154148991,True
27203222,44168.40000000,0.00022000,9.71704800,1704154149043,True
27203223,44161.20000000,0.00092000,40.62830400,1704154149043,True
27203224,44161.20000000,0.00057000,25.17188400,1704154149131,True
27203225,44161.20000000,0.00057000,25.17188400,1704154149215,True
27203226,44180.02000000,0.01899000,838.97857980,1704154149573,False
27203227,44180.01000000,0.02450000,1082.41024500,1704154151497,False
27203228,44177.53000000,0.00079000,34.90024870,1704154153114,True
27203229,44180.01000000,0.01220000,538.99612200,1704154153323,False
27203230,44161.20000000,0.00004000,1.76644800,1704154154969,True
27203231,44180.00000000,0.00684000,302.19120000,1704154155167,False
27203232,44180.00000000,0.00761000,336.20980000,1704154157030,False
27203233,44179.99000000,0.01572000,694.50944280,1704154158879,False
27203234,44179.99000000,0.20201000,8924.79977990,1704154159161,False
27203235,44179.99000000,0.26501000,11708.13914990,1704154160339,False
27203236,44180.03000000,0.00200000,88.36006000,1704154160339,False
27203237,44180.03000000,0.00200000,88.36006000,1704154160339,False
27203238,44180.03000000,0.00200000,88.36006000,1704154160339,False
27203239,44180.03000000,0.00200000,88.36006000,1704154160339,False
27203240,44181.86000000,0.00130000,57.43641800,1704154160339,False
27203241,44182.06000000,0.00051000,22.53285060,1704154160339,False
27203242,44183.58000000,0.01452000,641.54558160,1704154160339,False
27203243,44183.59000000,0.00022000,9.72038980,1704154160871,False
27203244,44184.43000000,0.00987000,436.10032410,1704154160871,False
27203245,44186.10000000,0.00039000,17.23257900,1704154160871,False
27203246,44186.88000000,0.00211000,93.23431680,1704154160871,False
27203247,44187.85000000,0.00003000,1.32563550,1704154160871,False
27203248,44187.93000000,0.00463000,204.59011590,1704154160871,False
27203249,44189.98000000,0.00400000,176.75992000,1704154160871,False
27203250,44189.98000000,0.00600000,265.13988000,1704154160871,False
27203251,44190.08000000,0.01013000,447.64551040,1704154160871,False
27203252,44190.31000000,0.00055000,24.30467050,1704154160871,False
27203253,44190.49000000,0.00047000,20.76953030,1704154160871,False
27203254,44190.91000000,0.00072000,31.81745520,1704154160871,False
27203255,44190.91000000,0.00072000,31.81745520,1704154160871,False
27203256,44191.23000000,0.00036000,15.90884280,1704154160871,False
27203257,44191.73000000,0.00202000,89.26729460,1704154160871,False
27203258,44192.72000000,0.00528000,233.33756160,1704154160871,False
27203259,44195.15000000,0.00045000,19.88781750,1704154160871,False
27203260,44195.98000000,0.00049000,21.65603020,1704154160871,False
27203261,44196.64000000,0.00114000,50.38416960,1704154160871,False
27203262,44196.86000000,0.00205000,90.60356300,1704154160871,False
27203263,44197.67000000,0.00048000,21.21488160,1704154160871,False
27203264,44197.96000000,0.00012000,5.30375520,1704154160871,False
27203265,44198.17000000,0.00005000,2.20990850,1704154160871,False
27203266,44199.31000000,0.00052000,22.98364120,1704154160871,False
27203267,44199.89000000,0.00036000,15.91196040,1704154160871,False
27203268,44200.00000000,0.00442000,195.36400000,1704154160871,False
27203269,44200.00000000,0.06562000,2900.40400000,1704154160871,False
27203270,44180.00000000,0.00003000,1.32540000,1704154161740,True
27203271,44200.00000000,0.01403000,620.12600000,1704154162568,False
27203272,44200.00000000,0.00003000,1.32600000,1704154164042,False
27203273,44200.00000000,0.02306000,1019.25200000,1704154164399,False
27203274,44200.00000000,0.00046000,20.33200000,1704154164789,False
27203275,44200.00000000,0.02364000,1044.88800000,1704154166241,False
27203276,44200.00000000,0.00227000,100.33400000,1704154167121,False
27203277,44200.00000000,0.00005000,2.21000000,1704154167687,False
27203278,44200.00000000,0.00048000,21.21600000,1704154167975,False
27203279,44200.00000000,0.00811000,358.46200000,1704154168073,False
27203280,44200.00000000,0.00012000,5.30400000,1704154169159,False
27203281,44180.00000000,0.00675000,298.21500000,1704154169392,True
27203282,44180.00000000,0.00707000,312.35260000,1704154169392,True
27203283,44199.99000000,0.00750000,331.49992500,1704154169913,False
27203284,44199.99000000,0.00960000,424.31990400,1704154169913,False
27203285,44200.00000000,0.00476000,210.39200000,1704154169913,False
27203286,44180.00000000,0.00004000,1.76720000,1704154170853,True
27203287,44200.00000000,0.03471000,1534.18200000,1704154171746,False
27203288,44200.00000000,0.01459000,644.87800000,1704154173632,False
27203289,44200.00000000,0.02158000,953.83600000,1704154175531,False
27203290,44200.00000000,0.00513000,226.74600000,1704154177067,False
27203291,44200.00000000,0.02415000,1067.43000000,1704154177067,False
27203292,44200.00000000,0.02720000,1202.24000000,1704154178907,False
27203293,44200.00000000,0.00513000,226.74600000,1704154180733,False
27203294,44200.00000000,0.03103000,1371.52600000,1704154182558,False
27203295,44200.00000000,0.00113000,49.94600000,1704154183865,False
27203296,44200.00000000,0.01313000,580.34600000,1704154184422,False
27203297,44200.00000000,0.00400000,176.80000000,1704154184422,False
27203298,44200.00000000,0.01726000,762.89200000,1704154184422,False
27203299,44180.00000000,0.00003000,1.32540000,1704154185401,True
27203300,44200.00000000,0.04149000,1833.85800000,1704154186318,False
27203301,44180.00000000,0.00004000,1.76720000,1704154186739,True
27203302,44200.00000000,0.04195000,1854.19000000,1704154188145,False
27203303,44200.00000000,0.00679000,300.11800000,1704154189973,False
27203304,44200.00000000,0.03217000,1421.91400000,1704154191804,False
27203305,44200.00000000,0.00452000,199.78400000,1704154193561,False
27203306,44200.00000000,0.00002000,0.88400000,1704154193604,False
27203307,44200.00000000,0.00960000,424.32000000,1704154193604,False
27203308,44200.00000000,0.01858000,821.23600000,1704154194231,False
27203309,44200.00000000,0.00961000,424.76200000,1704154194391,False
27203310,44200.00000000,0.05889000,2602.93800000,1704154195563,False
27203311,44200.00000000,0.00035000,15.47000000,1704154195771,False
27203312,44200.00000000,0.01592000,703.66400000,1704154196019,False
27203313,44198.00000000,0.00003000,1.32594000,1704154197061,True
27203314,44200.00000000,0.01000000,442.00000000,1704154199260,False
27203315,44200.00000000,0.01796000,793.83200000,1704154199759,False
27203316,44200.02000000,0.00700000,309.40014000,1704154199759,False
27203317,44200.31000000,0.00341000,150.72305710,1704154199759,False
27203318,44201.03000000,0.00400000,176.80412000,1704154199759,False
27203319,44201.03000000,0.00600000,265.20618000,1704154199759,False
27203320,44201.24000000,0.00045000,19.89055800,1704154199759,False
27203321,44201.29000000,0.00297000,131.27783130,1704154199759,False
27203322,44201.29000000,0.00656000,289.96046240,1704154200208,False
27203323,44201.29000000,0.00001000,0.44201290,1704154201142,False
27203324,44201.59000000,0.04246000,1876.79951140,1704154201763,False
27203325,44201.67000000,0.00020000,8.84033400,1704154201763,False
27203326,44203.45000000,0.00091000,40.22513950,1704154201763,False
27203327,44204.50000000,0.00018000,7.95681000,1704154201763,False
27203328,44204.98000000,0.00080000,35.36398400,1704154201763,False
27203329,44205.00000000,0.00350000,154.71750000,1704154201763,False
27203330,44205.51000000,0.00113000,49.95222630,1704154201763,False
27203331,44208.22000000,0.00012000,5.30498640,1704154201763,False
27203332,44208.91000000,0.00041000,18.12565310,1704154201763,False
27203333,44201.29000000,0.00004000,1.76805160,1704154202606,True
27203334,44201.29000000,0.00257000,113.59731530,1704154202881,True
27203335,44201.29000000,0.00678000,299.68474620,1704154202881,True
27203336,44198.00000000,0.02259000,998.43282000,1704154202881,True
27203337,44180.07000000,0.05099000,2252.74176930,1704154202881,True
27203338,44179.99000000,0.02846000,1257.36251540,1704154202881,True
27203339,44179.99000000,0.00012000,5.30159880,1704154202881,True
27203340,44160.00000000,0.06942000,3065.58720000,1704154202881,True
27203341,44167.45000000,0.00013000,5.74176850,1704154204036,True
27203342,44208.91000000,0.00026000,11.49431660,1704154204158,False
27203343,44167.45000000,0.00140000,61.83443000,1704154204569,True
27203344,44158.06000000,0.00028000,12.36425680,1704154204798,True
27203345,44162.21000000,0.00058000,25.61408180,1704154204940,True
27203346,44162.21000000,0.00132000,58.29411720,1704154205127,True
27203347,44162.21000000,0.00030000,13.24866300,1704154205132,True
27203348,44162.21000000,0.00025000,11.04055250,1704154205190,True
27203349,44162.21000000,0.00115000,50.78654150,1704154205426,True
27203350,44208.91000000,0.00048000,21.22027680,1704154206909,False
27203351,44164.75000000,0.00125000,55.20593750,1704154207906,True
27203352,44164.75000000,0.00125000,55.20593750,1704154207908,True
27203353,44164.75000000,0.00125000,55.20593750,1704154207913,True
27203354,44164.76000000,0.00488000,215.52402880,1704154208050,True
27203355,44164.76000000,0.00113000,49.90617880,1704154208051,True
27203356,44208.91000000,0.00105000,46.41935550,1704154208062,False
27203357,44164.77000000,0.00179000,79.05493830,1704154209172,True
27203358,44164.77000000,0.00373000,164.73459210,1704154209172,True
27203359,44201.29000000,0.00049000,21.65863210,1704154213018,True
27203360,44180.00000000,0.00004000,1.76720000,1704154218500,True
27203361,44193.37000000,0.00046000,20.32895020,1704154223678,False
27203362,44180.01000000,0.00324000,143.14323240,1704154227368,True
27203363,44193.37000000,0.00859000,379.62104830,1704154230843,False
27203364,44180.01000000,0.00004000,1.76720040,1704154234362,True
27203365,44180.19000000,0.00023000,10.16144370,1704154237376,True
27203366,44209.18000000,0.00464000,205.13059520,1704154238131,False
27203367,44193.37000000,0.00004000,1.76773480,1704154250227,True
27203368,44209.18000000,0.00131000,57.91402580,1704154253438,False
27203369,44193.37000000,0.00005000,2.20966850,1704154255441,True
27203370,44209.18000000,0.00023000,10.16811140,1704154258291,False
27203371,44209.18000000,0.00104000,45.97754720,1704154259433,False
27203372,44209.18000000,0.00144000,63.66121920,1704154259433,False
27203373,44209.18000000,0.00084000,37.13571120,1704154261792,False
27203374,44210.57000000,0.00031000,13.70527670,1704154261792,False
27203375,44210.86000000,0.00305000,134.84312300,1704154261792,False
27203376,44211.20000000,0.00034000,15.03180800,1704154261792,False
27203377,44211.53000000,0.00049000,21.66364970,1704154261792,False
27203378,44212.08000000,0.00400000,176.84832000,1704154261792,False
27203379,44212.08000000,0.00600000,265.27248000,1704154261792,False
27203380,44213.39000000,0.00072000,31.83364080,1704154261792,False
27203381,44213.50000000,0.00800000,353.70800000,1704154261792,False
27203382,44213.73000000,0.00298000,131.75691540,1704154261792,False
27203383,44215.00000000,0.00095000,42.00425000,1704154261792,False
27203384,44215.68000000,0.00106000,46.86862080,1704154261792,False
27203385,44216.54000000,0.00038000,16.80228520,1704154261792,False
27203386,44216.72000000,0.00035000,15.47585200,1704154261792,False
27203387,44218.39000000,0.00003000,1.32655170,1704154261792,False
27203388,44218.69000000,0.01599000,707.05685310,1704154261792,False
27203389,44218.83000000,0.00457000,202.08005310,1704154261792,False
27203390,44219.19000000,0.01594000,704.85388860,1704154261792,False
27203391,44219.19000000,0.00077000,34.04877630,1704154263187,False
27203392,44194.07000000,0.00004000,1.76776280,1704154265869,True
27203393,44194.07000000,0.00165000,72.92021550,1704154277452,True
27203394,44219.19000000,0.00023000,10.17041370,1704154281383,False
27203395,44219.19000000,0.00003000,1.32657570,1704154284130,False
27203396,44200.02000000,0.00005000,2.21000100,1704154284377,True
27203397,44219.19000000,0.00884000,390.89763960,1704154284572,False
27203398,44220.23000000,0.00030000,13.26606900,1704154284572,False
27203399,44220.95000000,0.00415000,183.51694250,1704154284572,False
27203400,44221.00000000,0.00301000,133.10521000,1704154284572,False
27203401,44221.06000000,0.00300000,132.66318000,1704154284572,False
27203402,44221.07000000,0.00320000,141.50742400,1704154284572,False
27203403,44221.38000000,0.00012000,5.30656560,1704154284572,False
27203404,44221.63000000,0.00458000,202.53506540,1704154284572,False
27203405,44221.63000000,0.00227000,100.38310010,1704154284572,False
27203406,44222.00000000,0.00020000,8.84440000,1704154284572,False
27203407,44222.26000000,0.00008000,3.53778080,1704154284572,False
27203408,44223.14000000,0.00400000,176.89256000,1704154284572,False
27203409,44223.14000000,0.00600000,265.33884000,1704154284572,False
27203410,44226.49000000,0.00022000,9.72982780,1704154284572,False
27203411,44226.50000000,0.00027000,11.94115500,1704154284572,False
27203412,44226.50000000,0.00023000,10.17209500,1704154284572,False
27203413,44227.65000000,0.00079000,34.93984350,1704154284572,False
27203414,44228.14000000,0.00358000,158.33674120,1704154284572,False
27203415,44229.54000000,0.00100000,44.22954000,1704154284572,False
27203416,44229.74000000,0.00032000,14.15351680,1704154284572,False
27203417,44230.95000000,0.00239000,105.71197050,1704154284572,False
27203418,44232.34000000,0.00743000,328.64628620,1704154284572,False
27203419,44232.35000000,0.00005000,2.21161750,1704154284572,False
27203420,44232.54000000,0.00012000,5.30790480,1704154284572,False
27203421,44232.54000000,0.00022000,9.73115880,1704154284572,False
27203422,44232.54000000,0.00044000,19.46231760,1704154284572,False
27203423,44232.54000000,0.00043000,19.01999220,1704154284572,False
27203424,44232.54000000,0.00003000,1.32697620,1704154284572,False
27203425,44232.54000000,0.00054000,23.88557160,1704154284572,False
27203426,44232.54000000,0.00012000,5.30790480,1704154284572,False
27203427,44232.54000000,0.00090000,39.80928600,1704154284572,False
27203428,44232.54000000,0.00012000,5.30790480,1704154284572,False
27203429,44232.64000000,0.00061000,26.98191040,1704154284572,False
27203430,44234.19000000,0.00400000,176.93676000,1704154284572,False
27203431,44234.19000000,0.00600000,265.40514000,1704154284572,False
27203432,44234.87000000,0.00030000,13.27046100,1704154284572,False
27203433,44235.42000000,0.00049000,21.67535580,1704154284572,False
27203434,44237.11000000,0.00036000,15.92535960,1704154284572,False
27203435,44239.10000000,0.26501000,11723.80389100,1704154284572,False
27203436,44239.98000000,0.07883000,3487.43762340,1704154284572,False
27203437,44240.00000000,0.00033000,14.59920000,1704154284572,False
27203438,44241.19000000,0.00024000,10.61788560,1704154284572,False
27203439,44244.29000000,0.00122000,53.97803380,1704154284572,False
27203440,44244.37000000,0.00205000,90.70095850,1704154284572,False
27203441,44245.00000000,0.00048000,21.23760000,1704154284572,False
27203442,44245.26000000,0.00400000,176.98104000,1704154284572,False
27203443,44245.26000000,0.00600000,265.47156000,1704154284572,False
27203444,44245.27000000,0.06001000,2655.15865270,1704154284572,False
27203445,44246.33000000,0.00012000,5.30955960,1704154284572,False
27203446,44246.69000000,0.00265000,117.25372850,1704154284572,False
27203447,44247.17000000,0.04246000,1878.73483820,1704154284572,False
27203448,44249.36000000,0.00069000,30.53205840,1704154284572,False
27203449,44250.00000000,0.00684000,302.67000000,1704154284572,False
27203450,44249.99000000,0.00003000,1.32749970,1704154286218,False
27203451,44249.99000000,0.00003000,1.32749970,1704154288425,False
27203452,44249.99000000,0.00003000,1.32749970,1704154290493,False
27203453,44204.26000000,0.00008000,3.53634080,1704154292114,True
27203454,44204.26000000,0.00220000,97.24937200,1704154292331,True
27203455,44249.99000000,0.00003000,1.32749970,1704154292621,False
27203456,44249.99000000,0.00003000,1.32749970,1704154294692,False
27203457,44249.99000000,0.00012000,5.30999880,1704154295037,False
27203458,44204.26000000,0.00045000,19.89191700,1704154295358,True
27203459,44249.99000000,0.00181000,80.09248190,1704154295713,False
27203460,44249.99000000,0.00012000,5.30999880,1704154296034,False
27203461,44249.99000000,0.00003000,1.32749970,1704154296759,False
27203462,44249.99000000,0.00043000,19.02749570,1704154297234,False
27203463,44249.99000000,0.00044000,19.46999560,1704154297255,False
27203464,44249.99000000,0.00050000,22.12499500,1704154298079,False
27203465,44249.99000000,0.00453000,200.45245470,1704154298079,False
27203466,44250.00000000,0.00234000,103.54500000,1704154298079,False
27203467,44250.00000000,0.00020000,8.85000000,1704154298115,False
27203468,44250.00000000,0.00003000,1.32750000,1704154298912,False
27203469,44249.99000000,0.02572000,1138.10974280,1704154299296,True
27203470,44204.26000000,0.00005000,2.21021300,1704154300081,True
27203471,44250.00000000,0.00023000,10.17750000,1704154300221,False
27203472,44250.00000000,0.00028000,12.39000000,1704154300431,False
27203473,44250.00000000,0.00023000,10.17750000,1704154300445,False
27203474,44250.00000000,0.00003000,1.32750000,1704154301123,False
27203475,44250.00000000,0.00048000,21.24000000,1704154301358,False
27203476,44250.00000000,0.00022000,9.73500000,1704154301983,False
27203477,44250.00000000,0.05992000,2651.46000000,1704154302062,False
27203478,44250.00000000,0.07875000,3484.68750000,1704154302167,False
27203479,44250.00000000,0.00012000,5.31000000,1704154302910,False
27203480,44250.00000000,0.00005000,2.21250000,1704154302971,False
27203481,44250.00000000,0.00003000,1.32750000,1704154303208,False
27203482,44250.00000000,0.00012000,5.31000000,1704154303329,False
27203483,44204.26000000,0.00407000,179.91133820,1704154303800,True
27203484,44204.26000000,0.00800000,353.63408000,1704154303800,True
27203485,44204.25000000,0.05099000,2253.97470750,1704154303800,True
27203486,44200.02000000,0.00695000,307.19013900,1704154303800,True
27203487,44196.86000000,0.00205000,90.60356300,1704154303800,True
27203488,44196.86000000,0.00895000,395.56189700,1704154303800,True
27203489,44249.99000000,0.00295000,130.53747050,1704154303806,False
27203490,44249.99000000,0.00500000,221.24995000,1704154304483,False
27203491,44250.00000000,0.00458000,202.66500000,1704154304483,False
27203492,44250.00000000,0.00054000,23.89500000,1704154305007,False
27203493,44250.00000000,0.00090000,39.82500000,1704154305157,False
27203494,44250.00000000,0.00003000,1.32750000,1704154305287,False
27203495,44250.00000000,0.00003000,1.32750000,1704154305345,False
27203496,44250.00000000,0.00023000,10.17750000,1704154306049,False
27203497,44250.00000000,0.00012000,5.31000000,1704154306152,False
27203498,44204.97000000,0.00003000,1.32614910,1704154306485,True
27203499,44249.75000000,0.00003000,1.32749250,1704154306882,False
27203500,44249.75000000,0.00003000,1.32749250,1704154307513,False
27203501,44250.00000000,0.00080000,35.40000000,1704154307520,False
27203502,44250.00000000,0.00003000,1.32750000,1704154307855,False
27203503,44244.37000000,0.00003000,1.32733110,1704154309596,False
27203504,44244.37000000,0.00202000,89.37362740,1704154309858,False
27203505,44244.37000000,0.00027000,11.94597990,1704154311117,True
27203506,44244.37000000,0.00434000,192.02056580,1704154313476,True
27203507,44244.37000000,0.00073000,32.29839010,1704154314882,True
27203508,44244.37000000,0.00003000,1.32733110,1704154314882,True
27203509,44244.37000000,0.00003000,1.32733110,1704154314882,True
27203510,44204.97000000,0.00005000,2.21024850,1704154316008,True
27203511,44250.00000000,0.01644000,727.47000000,1704154316184,False
27203512,44250.00000000,0.01645000,727.91250000,1704154316374,False
27203513,44204.97000000,0.00800000,353.63976000,1704154316816,True
27203514,44204.97000000,0.00003000,1.32614910,1704154316816,True
27203515,44204.96000000,0.03733000,1650.17115680,1704154316816,True
27203516,44204.96000000,0.01366000,603.83975360,1704154317211,True
27203517,44196.86000000,0.00005000,2.20984300,1704154317211,True
27203518,44204.96000000,0.00113000,49.95160480,1704154317232,True
27203519,44204.96000000,0.00008000,3.53639680,1704154317331,True
27203520,44204.96000000,0.00008000,3.53639680,1704154317860,True
27203521,44249.99000000,0.00800000,353.99992000,1704154326373,False
27203522,44249.99000000,0.00841000,372.14241590,1704154326373,False
27203523,44250.00000000,0.00004000,1.77000000,1704154326373,False
27203524,44250.00000000,0.00009000,3.98250000,1704154326971,False
27203525,44250.00000000,0.00077000,34.07250000,1704154327224,False
27203526,44250.00000000,0.00003000,1.32750000,1704154328478,False
27203527,44250.00000000,0.01647000,728.79750000,1704154328848,False
27203528,44250.00000000,0.00452000,200.01000000,1704154329108,False
27203529,44250.00000000,0.17995000,7962.78750000,1704154330161,False
27203530,44250.00000000,0.00020000,8.85000000,1704154330161,False
27203531,44250.00000000,0.00442000,195.58500000,1704154330161,False
27203532,44250.00000000,0.00304000,134.52000000,1704154330161,False
27203533,44250.00000000,0.05000000,2212.50000000,1704154330161,False
27203534,44250.00000000,0.23146000,10242.10500000,1704154330161,False
27203535,44250.00000000,0.04520000,2000.10000000,1704154330630,False
27203536,44250.00000000,0.00003000,1.32750000,1704154331107,False
27203537,44250.00000000,0.00008000,3.54000000,1704154331370,False
27203538,44207.08000000,0.00005000,2.21035400,1704154331672,True
27203539,44250.00000000,0.00198000,87.61500000,1704154332884,False
27203540,44250.00000000,0.00179000,79.20750000,1704154334774,False
27203541,44250.00000000,0.00080000,35.40000000,1704154336623,False
27203542,44250.00000000,0.00287000,126.99750000,1704154338481,False
27203543,44250.00000000,0.00403000,178.32750000,1704154340408,False
27203544,44250.00000000,0.28845000,12763.91250000,1704154340763,False
27203545,44250.00000000,0.28846000,12764.35500000,1704154341710,False
27203546,44250.00000000,0.28845000,12763.91250000,1704154342225,False
27203547,44250.00000000,0.00705000,311.96250000,1704154342262,False
27203548,44250.00000000,0.22984000,10170.42000000,1704154343031,False
27203549,44215.60000000,0.00678000,299.78176800,1704154343059,True
27203550,44250.00000000,0.09001000,3982.94250000,1704154344131,False
27203551,44250.00000000,0.00769000,340.28250000,1704154344311,False
27203552,44250.00000000,0.00297000,131.42250000,1704154346156,False
27203553,44250.00000000,0.00023000,10.17750000,1704154347187,False
27203554,44215.66000000,0.00005000,2.21078300,1704154347479,True
27203555,44250.00000000,0.00155000,68.58750000,1704154347996,False
27203556,44250.00000000,0.01102000,487.63500000,1704154349563,False
27203557,44250.00000000,0.00212000,93.81000000,1704154349850,False
27203558,44250.00000000,0.00603000,266.82750000,1704154351685,False
27203559,44250.00000000,0.00431000,190.71750000,1704154353544,False
27203560,44250.00000000,0.00538000,238.06500000,1704154355389,False
27203561,44250.00000000,0.00525000,232.31250000,1704154357237,False
27203562,44250.00000000,0.00520000,230.10000000,1704154357301,False
27203563,44227.00000000,0.00063000,27.86301000,1704154358030,True
27203564,44250.00000000,0.00255000,112.83750000,1704154359100,False
27203565,44250.00000000,0.01652000,731.01000000,1704154360941,False
27203566,44250.00000000,0.01441000,637.64250000,1704154362775,False
27203567,44250.00000000,0.00039000,17.25750000,1704154362899,False
27203568,44227.00000000,0.00005000,2.21135000,1704154363236,True
27203569,44250.00000000,0.01455000,643.83750000,1704154364604,False
27203570,44250.00000000,0.00008000,3.54000000,1704154365064,False
27203571,44250.00000000,0.00008000,3.54000000,1704154365345,False
27203572,44250.00000000,0.00779000,344.70750000,1704154366468,False
27203573,44250.00000000,0.00113000,50.00250000,1704154367558,False
27203574,44250.00000000,0.01146000,507.10500000,1704154368295,False
27203575,44250.00000000,0.00035000,15.48750000,1704154369077,False
27203576,44250.00000000,0.01060000,469.05000000,1704154370160,False
27203577,44250.00000000,0.00140000,61.95000000,1704154371369,False
27203578,44250.00000000,0.00866000,383.20500000,1704154371991,False
27203579,44250.00000000,0.00005000,2.21250000,1704154373610,False
27203580,44250.00000000,0.01299000,574.80750000,1704154373834,False
27203581,44250.00000000,0.00035000,15.48750000,1704154376461,False
27203582,44250.00000000,0.00392000,173.46000000,1704154378578,False
27203583,44227.00000000,0.00005000,2.21135000,1704154379167,True
27203584,44250.00000000,0.01353000,598.70250000,1704154379999,False
27203585,44250.00000000,0.00284000,125.67000000,1704154380052,False
27203586,44250.00000000,0.00682000,301.78500000,1704154385503,False
27203587,44227.00000000,0.00254000,112.33658000,1704154385519,True
27203588,44250.00000000,0.00745000,329.66250000,1704154386473,False
27203589,44250.00000000,0.00108000,47.79000000,1704154386488,False
27203590,44227.00000000,0.00005000,2.21135000,1704154395004,True
27203591,44250.00000000,0.01352000,598.26000000,1704154396112,False
27203592,44250.00000000,0.01352000,598.26000000,1704154396213,False
27203593,44250.00000000,0.01352000,598.26000000,1704154396646,False
27203594,44250.00000000,0.01352000,598.26000000,1704154396796,False
27203595,44250.00000000,0.01058000,468.16500000,1704154401728,False
27203596,44250.00000000,0.01642000,726.58500000,1704154401771,False
27203597,44250.00000000,0.01059000,468.60750000,1704154402096,False
27203598,44250.00000000,0.00043000,19.02750000,1704154402268,False
27203599,44250.00000000,0.00004000,1.77000000,1704154403580,False
27203600,44250.00000000,0.01059000,468.60750000,1704154405565,False
27203601,44250.00000000,0.01059000,468.60750000,1704154405609,False
27203602,44250.00000000,0.00276000,122.13000000,1704154405739,False
27203603,44250.00000000,0.00313000,138.50250000,1704154405919,False
27203604,44250.00000000,0.01335000,590.73750000,1704154406229,False
27203605,44250.00000000,0.01058000,468.16500000,1704154406542,False
27203606,44250.00000000,0.01058000,468.16500000,1704154406853,False
27203607,44250.00000000,0.01058000,468.16500000,1704154407165,False
27203608,44250.00000000,0.00357000,157.97250000,1704154407476,False
27203609,44250.00000000,0.00067000,29.64750000,1704154407796,False
27203610,44250.00000000,0.00899000,397.80750000,1704154408103,False
27203611,44250.00000000,0.00905000,400.46250000,1704154408404,False
27203612,44250.00000000,0.00053000,23.45250000,1704154408716,False
27203613,44250.00000000,0.00030000,13.27500000,1704154409156,False
27203614,44250.00000000,0.00276000,122.13000000,1704154409332,False
27203615,44250.00000000,0.00276000,122.13000000,1704154409643,False
27203616,44250.00000000,0.00053000,23.45250000,1704154409957,False
27203617,44250.00000000,0.00010000,4.42500000,1704154410131,False
27203618,44250.00000000,0.00053000,23.45250000,1704154410268,False
27203619,44250.00000000,0.00276000,122.13000000,1704154410574,False
27203620,44227.13000000,0.00005000,2.21135650,1704154410657,True
27203621,44250.00000000,0.03237000,1432.37250000,1704154410889,False
27203622,44250.00000000,0.00005000,2.21250000,1704154410904,False
27203623,44250.00000000,0.00754000,333.64500000,1704154410997,False
27203624,44250.00000000,0.01352000,598.26000000,1704154411243,False
27203625,44250.00000000,0.01352000,598.26000000,1704154411288,False
27203626,44250.00000000,0.00920000,407.10000000,1704154412352,False
27203627,44250.00000000,0.01266000,560.20500000,1704154412947,False
27203628,44250.00000000,0.01266000,560.20500000,1704154412991,False
27203629,44250.00000000,0.00003000,1.32750000,1704154413011,False
27203630,44250.00000000,0.01266000,560.20500000,1704154413307,False
27203631,44250.00000000,0.01266000,560.20500000,1704154414133,False
27203632,44250.00000000,0.05099000,2256.30750000,1704154414156,False
27203633,44250.00000000,0.05099000,2256.30750000,1704154414159,False
27203634,44250.00000000,0.05099000,2256.30750000,1704154414162,False
27203635,44250.00000000,0.01266000,560.20500000,1704154414339,False
27203636,44250.00000000,0.01266000,560.20500000,1704154415144,False
27203637,44250.00000000,0.00081000,35.84250000,1704154415175,False
27203638,44250.00000000,0.00452000,200.01000000,1704154415448,False
27203639,44250.00000000,0.02569000,1136.78250000,1704154415505,False
27203640,44250.00000000,0.00751000,332.31750000,1704154415505,False
27203641,44250.00000000,0.00192000,84.96000000,1704154415524,False
27203642,44250.00000000,0.01058000,468.16500000,1704154415579,False
27203643,44250.00000000,0.01192000,527.46000000,1704154415660,False
27203644,44250.00000000,0.13811000,6111.36750000,1704154415872,False
27203645,44250.00000000,0.00077000,34.07250000,1704154415872,False
27203646,44250.00000000,0.00376000,166.38000000,1704154415872,False
27203647,44250.95000000,0.00072000,31.86068400,1704154415872,False
27203648,44251.26000000,0.00049000,21.68311740,1704154415872,False
27203649,44251.81000000,0.00072000,31.86130320,1704154415872,False
27203650,44251.97000000,0.00098000,43.36693060,1704154415872,False
27203651,44252.89000000,0.00027000,11.94828030,1704154415872,False
27203652,44253.09000000,0.00072000,31.86222480,1704154415872,False
27203653,44254.86000000,0.00047000,20.79978420,1704154415872,False
27203654,44255.66000000,0.00072000,31.86407520,1704154415872,False
27203655,44256.32000000,0.00200000,88.51264000,1704154415872,False
27203656,44256.32000000,0.00600000,265.53792000,1704154415872,False
27203657,44257.10000000,0.00079000,34.96310900,1704154415872,False
27203658,44257.89000000,0.00072000,31.86568080,1704154415872,False
27203659,44259.44000000,0.00305000,134.99129200,1704154415872,False
27203660,44259.67000000,0.00072000,31.86696240,1704154415872,False
27203661,44260.00000000,0.00227000,100.47020000,1704154415872,False
27203662,44261.88000000,0.00072000,31.86855360,1704154416364,False
27203663,44261.88000000,0.00072000,31.86855360,1704154416364,False
27203664,44261.88000000,0.00072000,31.86855360,1704154416364,False
27203665,44261.88000000,0.00071000,31.42593480,1704154416364,False
27203666,44261.88000000,0.00001000,0.44261880,1704154416543,False
27203667,44263.11000000,0.00030000,13.27893300,1704154416543,False
27203668,44264.37000000,0.00003000,1.32793110,1704154416543,False
27203669,44266.00000000,0.00253000,111.99298000,1704154416543,False
27203670,44266.00000000,0.00300000,132.79800000,1704154416648,False
27203671,44266.00000000,0.00146000,64.62836000,1704154416685,False
27203672,44266.00000000,0.01125000,497.99250000,1704154416685,False
27203673,44266.00000000,0.01271000,562.62086000,1704154416696,False
27203674,44266.00000000,0.01271000,562.62086000,1704154416712,False
27203675,44250.00000000,0.00112000,49.56000000,1704154417335,False
27203676,44266.00000000,0.01159000,513.04294000,1704154417335,False
27203677,44227.30000000,0.00003000,1.32681900,1704154417347,True
27203678,44266.00000000,0.01271000,562.62086000,1704154417354,False
27203679,44266.00000000,0.01271000,562.62086000,1704154417409,False
27203680,44266.00000000,0.01058000,468.33428000,1704154417420,False
27203681,44266.00000000,0.01271000,562.62086000,1704154417538,False
27203682,44266.00000000,0.01271000,562.62086000,1704154417601,False
27203683,44250.00000000,0.00005000,2.21250000,1704154420586,False
27203684,44266.00000000,0.00059000,26.11694000,1704154422168,False
27203685,44266.00000000,0.00157000,69.49762000,1704154422547,False
27203686,44227.11000000,0.00004000,1.76908440,1704154423876,True
27203687,44227.09000000,0.00018000,7.96087620,1704154424543,True
27203688,44266.00000000,0.15878000,7028.55548000,1704154424716,False
27203689,44266.28000000,0.00053000,23.46112840,1704154424716,False
27203690,44266.37000000,0.00602000,266.48354740,1704154424716,False
27203691,44266.37000000,0.00003000,1.32799110,1704154424716,False
27203692,44266.37000000,0.00012000,5.31196440,1704154424716,False
27203693,44266.43000000,0.00054000,23.90387220,1704154424716,False
27203694,44266.82000000,0.00035000,15.49338700,1704154424716,False
27203695,44267.38000000,0.00200000,88.53476000,1704154424716,False
27203696,44267.38000000,0.00800000,354.13904000,1704154424716,False
27203697,44267.66000000,0.01271000,562.64195860,1704154424716,False
27203698,44268.84000000,0.00022000,9.73914480,1704154424716,False
27203699,44270.00000000,0.00100000,44.27000000,1704154424716,False
27203700,44270.27000000,0.00047000,20.80702690,1704154424716,False
27203701,44272.34000000,0.00086000,38.07421240,1704154424716,False
27203702,44273.00000000,0.00023000,10.18279000,1704154424716,False
27203703,44273.10000000,0.00072000,31.87663200,1704154424716,False
27203704,44273.10000000,0.00072000,31.87663200,1704154424716,False
27203705,44273.54000000,0.01000000,442.73540000,1704154424716,False
27203706,44273.69000000,0.00022000,9.74021180,1704154424716,False
27203707,44273.88000000,0.00072000,31.87719360,1704154424757,False
27203708,44274.20000000,0.00072000,31.87742400,1704154424757,False
27203709,44274.28000000,0.01998000,884.60011440,1704154424757,False
27203710,44276.12000000,0.00705000,312.14664600,1704154424757,False
27203711,44276.24000000,0.00017000,7.52696080,1704154424757,False
27203712,44276.57000000,0.00226000,100.06504820,1704154424757,False
27203713,44277.75000000,0.00072000,31.87998000,1704154424757,False
27203714,44277.77000000,0.00072000,31.87999440,1704154424757,False
27203715,44277.77000000,0.00072000,31.87999440,1704154424757,False
27203716,44278.46000000,0.00200000,88.55692000,1704154424757,False
27203717,44278.46000000,0.00800000,354.22768000,1704154424757,False
27203718,44279.57000000,0.00092000,40.73720440,1704154424757,False
27203719,44279.62000000,0.00113000,50.03597060,1704154424757,False
27203720,44280.03000000,0.00400000,177.12012000,1704154424757,False
27203721,44280.03000000,0.00180000,79.70405400,1704154424821,False
27203722,44280.19000000,0.00028000,12.39845320,1704154424821,False
27203723,44280.35000000,0.00321000,142.13992350,1704154424821,False
27203724,44281.90000000,0.00072000,31.88296800,1704154424821,False
27203725,44281.90000000,0.00072000,31.88296800,1704154424821,False
27203726,44282.73000000,0.00108000,47.82534840,1704154424821,False
27203727,44283.53000000,0.00095000,42.06935350,1704154424821,False
27203728,44284.58000000,0.00267000,118.23982860,1704154424821,False
27203729,44284.64000000,0.00985000,436.20370400,1704154424821,False
27203730,44288.00000000,0.00020000,8.85760000,1704154424821,False
27203731,44288.33000000,0.00074000,32.77336420,1704154424821,False
27203732,44289.53000000,0.00200000,88.57906000,1704154424821,False
27203733,44289.53000000,0.00800000,354.31624000,1704154424821,False
27203734,44290.23000000,0.00010000,4.42902300,1704154424821,False
27203735,44290.67000000,0.01130000,500.48457100,1704154424821,False
27203736,44291.93000000,0.00204000,90.35553720,1704154424821,False
27203737,44292.23000000,0.00029000,12.84474670,1704154424821,False
27203738,44292.80000000,0.00317000,140.40817600,1704154424821,False
27203739,44227.19000000,0.00005000,2.21135950,1704154426605,True
27203740,44292.78000000,0.00220000,97.44411600,1704154426890,False
27203741,44292.80000000,0.00004000,1.77171200,1704154427138,False
27203742,44292.71000000,0.00051000,22.58928210,1704154436177,False
27203743,44292.80000000,0.00247000,109.40321600,1704154438975,False
27203744,44292.66000000,0.00046000,20.37462360,1704154440562,False
27203745,44292.66000000,0.00202000,89.47117320,1704154440807,False
27203746,44292.67000000,0.00003000,1.32878010,1704154440807,False
27203747,44292.67000000,0.00077000,34.10535590,1704154442201,False
27203748,44292.71000000,0.00077000,34.10538670,1704154442351,False
27203749,44292.80000000,0.00124000,54.92307200,1704154442351,False
27203750,44292.80000000,0.00003000,1.32878400,1704154442372,False
27203751,44292.80000000,0.00122000,54.03721600,1704154442957,False
27203752,44292.79000000,0.00003000,1.32878370,1704154443502,False
27203753,44289.99000000,0.00004000,1.77159960,1704154445293,False
27203754,44289.99000000,0.00001000,0.44289990,1704154445323,False
27203755,44292.80000000,0.01366000,605.03964800,1704154445323,False
27203756,44227.86000000,0.00038000,16.80658680,1704154445490,True
27203757,44227.86000000,0.00038000,16.80658680,1704154445490,True
27203758,44227.85000000,0.00001000,0.44227850,1704154445490,True
27203759,44292.80000000,0.00003000,1.32878400,1704154446041,False
27203760,44292.79000000,0.00042000,18.60297180,1704154446929,True
27203761,44292.79000000,0.00037000,16.38833230,1704154446929,True
27203762,44292.79000000,0.00001000,0.44292790,1704154447644,True
27203763,44292.79000000,0.00003000,1.32878370,1704154448105,False
27203764,44292.80000000,0.02024000,896.48627200,1704154448262,False
27203765,44292.80000000,0.00453000,200.64638400,1704154448262,False
27203766,44292.80000000,0.00044000,19.48883200,1704154448262,False
27203767,44292.80000000,0.00038000,16.83126400,1704154448286,True
27203768,44292.79000000,0.00006000,2.65756740,1704154448286,True
27203769,44292.79000000,0.00039000,17.27418810,1704154448351,True
27203770,44292.80000000,0.00038000,16.83126400,1704154449212,True
27203771,44292.79000000,0.00010000,4.42927900,1704154449212,True
27203772,44292.81000000,0.00005000,2.21464050,1704154450906,True
27203773,44292.81000000,0.00033000,14.61662730,1704154450927,True
27203774,44292.80000000,0.00030000,13.28784000,1704154450927,True
27203775,44292.80000000,0.00023000,10.18734400,1704154450968,True
27203776,44292.80000000,0.00016000,7.08684800,1704154450995,True
27203777,44294.62000000,0.00020000,8.85892400,1704154453335,False
27203778,44295.69000000,0.00039000,17.27531910,1704154453335,False
27203779,44297.04000000,0.00007000,3.10079280,1704154453335,False
27203780,44297.04000000,0.00006000,2.65782240,1704154453335,False
27203781,44297.51000000,0.00067000,29.67933170,1704154453335,False
27203782,44297.76000000,0.00005000,2.21488800,1704154453335,False
27203783,44298.48000000,0.00057000,25.25013360,1704154453335,False
27203784,44298.64000000,0.00049000,21.70633360,1704154453335,False
27203785,44299.00000000,0.00020000,8.85980000,1704154453335,False
27203786,44300.00000000,0.00451000,199.79300000,1704154453335,False
27203787,44300.00000000,0.00025000,11.07500000,1704154453335,False
27203788,44300.00000000,0.08000000,3544.00000000,1704154453335,False
27203789,44300.00000000,0.00030000,13.29000000,1704154453335,False
27203790,44300.00000000,0.00230000,101.89000000,1704154453335,False
27203791,44300.00000000,0.00411000,182.07300000,1704154453335,False
27203792,44300.00000000,0.00100000,44.30000000,1704154453335,False
27203793,44300.00000000,0.00550000,243.65000000,1704154453335,False
27203794,44300.09000000,0.00215000,95.24519350,1704154453335,False
27203795,44300.54000000,0.00012000,5.31606480,1704154453335,False
27203796,44300.94000000,0.00376000,166.57153440,1704154453335,False
27203797,44301.00000000,0.00112000,49.61712000,1704154453335,False
27203798,44304.82000000,0.00049000,21.70936180,1704154453335,False
27203799,44305.81000000,0.00200000,88.61162000,1704154453335,False
27203800,44305.82000000,0.00087000,38.54606340,1704154454204,True
27203801,44306.53000000,0.00049000,21.71019970,1704154454805,False
27203802,44306.70000000,0.00229000,101.46234300,1704154455102,False
27203803,44307.04000000,0.00229000,101.46312160,1704154455511,False
27203804,44307.04000000,0.00569000,252.10705760,1704154456077,False
27203805,44307.04000000,0.00002000,0.88614080,1704154457280,False
27203806,44307.04000000,0.00001000,0.44307040,1704154457558,True
27203807,44305.82000000,0.00652000,288.87394640,1704154457558,True
27203808,44305.82000000,0.00222000,98.35892040,1704154457558,True
27203809,44305.81000000,0.00985000,436.41222850,1704154457558,True
27203810,44307.40000000,0.00074000,32.78747600,1704154457629,False
27203811,44308.07000000,0.00304000,134.69653280,1704154457629,False
27203812,44308.07000000,0.00041000,18.16630870,1704154457629,False
27203813,44308.07000000,0.00156000,69.12058920,1704154459015,False
27203814,44309.89000000,0.02305000,1021.34296450,1704154459015,False
27203815,44310.34000000,0.00125000,55.38792500,1704154459015,False
27203816,44310.34000000,0.00003000,1.32931020,1704154459015,False
27203817,44310.77000000,0.00062000,27.47267740,1704154459015,False
27203818,44312.09000000,0.00853000,377.98212770,1704154459015,False
27203819,44312.27000000,0.00003000,1.32936810,1704154459015,False
27203820,44313.21000000,0.06456000,2860.86083760,1704154459015,False
27203821,44313.42000000,0.00005000,2.21567100,1704154459892,True
27203822,44313.42000000,0.00008000,3.54507360,1704154461206,True
27203823,44313.42000000,0.00029000,12.85089180,1704154461505,True
27203824,44313.43000000,0.00254000,112.55611220,1704154467526,True
27203825,44313.99000000,0.00046000,20.38443540,1704154473068,False
27203826,44313.99000000,0.00184000,81.53774160,1704154473348,False
27203827,44313.99000000,0.00099000,43.87085010,1704154473348,False
27203828,44313.99000000,0.00008000,3.54511920,1704154474235,False
27203829,44313.99000000,0.00003000,1.32941970,1704154475104,False
27203830,44313.99000000,0.00004000,1.77255960,1704154475221,False
27203831,44313.46000000,0.00005000,2.21567300,1704154475524,True
27203832,44314.22000000,0.00072000,31.90623840,1704154477392,False
27203833,44314.22000000,0.00072000,31.90623840,1704154477392,False
27203834,44316.44000000,0.00012000,5.31797280,1704154477392,False
27203835,44316.44000000,0.00012000,5.31797280,1704154477392,False
27203836,44316.44000000,0.00043000,19.05606920,1704154477392,False
27203837,44316.44000000,0.00044000,19.49923360,1704154477392,False
27203838,44316.45000000,0.00005000,2.21582250,1704154477392,False
27203839,44316.45000000,0.05992000,2655.44168400,1704154477392,False
27203840,44316.45000000,0.00012000,5.31797400,1704154477392,False
27203841,44316.45000000,0.00003000,1.32949350,1704154477392,False
27203842,44316.45000000,0.00054000,23.93088300,1704154477392,False
27203843,44316.45000000,0.00090000,39.88480500,1704154477392,False
27203844,44316.45000000,0.00022000,9.74961900,1704154477392,False
27203845,44316.45000000,0.00012000,5.31797400,1704154477392,False
27203846,44316.51000000,0.00028000,12.40862280,1704154477392,False
27203847,44316.89000000,0.00200000,88.63378000,1704154477392,False
27203848,44317.97000000,0.00515000,228.23754550,1704154477392,False
27203849,44318.27000000,0.00011000,4.87500970,1704154477392,False
27203850,44319.17000000,0.00800000,354.55336000,1704154477392,False
27203851,44319.99000000,0.00460000,203.87195400,1704154477392,False
27203852,44320.73000000,0.00056000,24.81960880,1704154477392,False
27203853,44323.28000000,0.00078000,34.57215840,1704154477392,False
27203854,44324.91000000,0.00067000,29.69768970,1704154477392,False
27203855,44324.91000000,0.00492000,218.07855720,1704154477392,False
27203856,44325.00000000,0.00900000,398.92500000,1704154477392,False
27203857,44326.87000000,0.02150000,953.02770500,1704154477392,False
27203858,44327.37000000,0.00942000,417.56382540,1704154477392,False
27203859,44327.98000000,0.00200000,88.65596000,1704154477392,False
27203860,44329.25000000,0.00100000,44.32925000,1704154477392,False
27203861,44329.27000000,0.00062000,27.48414740,1704154477392,False
27203862,44330.25000000,0.00800000,354.64200000,1704154477392,False
27203863,44331.28000000,0.00016000,7.09300480,1704154477392,False
27203864,44331.81000000,0.00076000,33.69217560,1704154477392,False
27203865,44331.81000000,0.00004000,1.77327240,1704154477392,False
27203866,44332.99000000,0.00045000,19.94984550,1704154477392,False
27203867,44333.00000000,0.00020000,8.86660000,1704154477392,False
27203868,44333.00000000,0.20155000,8935.31615000,1704154477392,False
27203869,44333.09000000,0.00586000,259.79190740,1704154477392,False
27203870,44334.65000000,0.00358000,158.71804700,1704154477392,False
27203871,44338.48000000,0.04206000,1864.87646880,1704154477392,False
27203872,44339.06000000,0.00200000,88.67812000,1704154477392,False
27203873,44339.54000000,0.00204000,90.45266160,1704154477392,False
27203874,44342.09000000,0.00800000,354.73672000,1704154477392,False
27203875,44343.93000000,0.00731000,324.15412830,1704154477392,False
27203876,44344.96000000,0.00324000,143.67767040,1704154477392,False
27203877,44345.36000000,0.00052000,23.05958720,1704154477392,False
27203878,44346.53000000,0.00072000,31.92950160,1704154477392,False
27203879,44347.64000000,0.00113000,50.11283320,1704154477392,False
27203880,44348.86000000,0.00511000,226.62267460,1704154477392,False
27203881,44350.00000000,0.00050000,22.17500000,1704154477392,False
27203882,44350.00000000,0.00033000,14.63550000,1704154477392,False
27203883,44350.14000000,0.00028000,12.41803920,1704154478429,False
27203884,44350.00000000,0.00003000,1.33050000,1704154478947,True
27203885,44350.14000000,0.00172000,76.28224080,1704154479345,False
27203886,44350.14000000,0.00201000,89.14378140,1704154479378,True
27203887,44350.14000000,0.00290000,128.61540600,1704154480224,True
27203888,44352.16000000,0.00095000,42.13455200,1704154480933,False
