id,price,qty,quote_qty,time,is_buyer_maker
27325625,44128.34000000,0.00038000,16.76876920,1704412803416,True
27325626,44146.81000000,0.00264000,116.54757840,1704412804211,False
27325627,44135.84000000,0.05099000,2250.48648160,1704412805054,True
27325628,44135.84000000,0.00764000,337.19781760,1704412805054,True
27325629,44135.71000000,0.03967000,1750.86361570,1704412805054,True
27325630,44162.33000000,0.00113000,49.90343290,1704412805321,False
27325631,44162.33000000,0.00174000,76.84245420,1704412806016,False
27325632,44136.21000000,0.00679000,299.68486590,1704412815604,True
27325633,44136.21000000,0.00022000,9.70996620,1704412815604,True
27325634,44136.21000000,0.00015000,6.62043150,1704412815604,True
27325635,44135.71000000,0.00033000,14.56478430,1704412815604,True
27325636,44132.19000000,0.00051000,22.50741690,1704412815604,True
27325637,44155.08000000,0.00040000,17.66203200,1704412823780,False
27325638,44155.08000000,0.00040000,17.66203200,1704412823874,False
27325639,44172.19000000,0.00679000,299.92917010,1704412855759,False
27325640,44172.41000000,0.00003000,1.32517230,1704412855759,False
27325641,44169.08000000,0.00072000,31.80173760,1704412857542,False
27325642,44173.06000000,0.00050000,22.08653000,1704412858466,False
27325643,44173.06000000,0.00022000,9.71807320,1704412858466,False
27325644,44173.05000000,0.00003000,1.32519150,1704412859259,False
27325645,44173.04000000,0.00003000,1.32519120,1704412862724,False
27325646,44172.95000000,0.00003000,1.32518850,1704412866269,False
27325647,44173.08000000,0.00072000,31.80461760,1704412870877,False
27325648,44177.75000000,0.00072000,31.80798000,1704412872383,False
27325649,44177.75000000,0.00072000,31.80798000,1704412872383,False
27325650,44178.30000000,0.00083000,36.66798900,1704412872383,False
27325651,44172.95000000,0.00003000,1.32518850,1704412873243,True
27325652,44172.95000000,0.00012000,5.30075400,1704412894563,False
27325653,44188.92000000,0.00072000,31.81602240,1704412900303,False
27325654,44188.92000000,0.00072000,31.81602240,1704412900303,False
27325655,44191.23000000,0.00036000,15.90884280,1704412901804,False
27325656,44165.05000000,0.00020000,8.83301000,1704412904122,True
27325657,44192.87000000,0.00113000,49.93794310,1704412905259,False
27325658,44192.87000000,0.00034000,15.02557580,1704412916625,False
27325659,44192.87000000,0.00062000,27.39957940,1704412917299,False
27325660,44192.87000000,0.00068000,30.05115160,1704412918110,False
27325661,44192.87000000,0.00035000,15.46750450,1704412918387,False
27325662,44192.87000000,0.02398000,1059.74502260,1704412919105,False
27325663,44194.82000000,0.00072000,31.82027040,1704412921640,False
27325664,44195.46000000,0.00072000,31.82073120,1704412921640,False
27325665,44195.98000000,0.00049000,21.65603020,1704412921640,False
27325666,44196.86000000,0.00205000,90.60356300,1704412921640,False
27325667,44198.00000000,0.00679000,300.10442000,1704412921640,False
27325668,44199.04000000,0.00045000,19.88956800,1704412921640,False
27325669,44199.46000000,0.00072000,31.82361120,1704412921640,False
27325670,44200.00000000,0.02710000,1197.82000000,1704412921640,False
27325671,44200.00000000,0.52541000,23223.12200000,1704412921640,False
27325672,44200.00000000,0.01194000,527.74800000,1704412922029,False
27325673,44201.96000000,0.00072000,31.82541120,1704412922029,False
27325674,44202.79000000,0.00072000,31.82600880,1704412922029,False
27325675,44205.97000000,0.00072000,31.82829840,1704412922029,False
27325676,44210.86000000,0.00305000,134.84312300,1704412922029,False
27325677,44214.80000000,0.00072000,31.83465600,1704412922029,False
27325678,44218.39000000,0.00003000,1.32655170,1704412922029,False
27325679,44219.35000000,0.00008000,3.53754800,1704412922029,False
27325680,44220.00000000,0.00010000,4.42200000,1704412922029,False
27325681,44220.46000000,0.00072000,31.83873120,1704412922029,False
27325682,44222.75000000,0.00289000,127.80374750,1704412922029,False
27325683,44220.70000000,0.05099000,2254.81349300,1704412927071,False
27325684,44220.68000000,0.00035000,15.47723800,1704412927620,False
27325685,44219.31000000,0.00072000,31.83790320,1704412930394,False
27325686,44219.31000000,0.00072000,31.83790320,1704412930481,False
27325687,44209.21000000,0.00003000,1.32627630,1704412967573,False
27325688,44176.44000000,0.00005000,2.20882200,1704412969132,True
27325689,44176.45000000,0.00009000,3.97588050,1704412980101,True
27325690,44172.41000000,0.00003000,1.32517230,1704413018351,True
27325691,44172.41000000,0.00808000,356.91307280,1704413022415,True
27325692,44187.26000000,0.00020000,8.83745200,1704413024128,False
27325693,44165.00000000,0.00200000,88.33000000,1704413025211,True
27325694,44162.33000000,0.00305000,134.69510650,1704413025211,True
27325695,44174.94000000,0.00936000,413.47743840,1704413028228,False
27325696,44149.41000000,0.00205000,90.50629050,1704413040197,True
27325697,44141.00000000,0.00679000,299.71739000,1704413056502,True
27325698,44140.70000000,0.00049000,21.62894300,1704413056502,True
27325699,44150.00000000,0.03958000,1747.45700000,1704413056752,True
27325700,44157.79000000,0.00016000,7.06524640,1704413058919,False
27325701,44157.00000000,0.00003000,1.32471000,1704413087594,False
27325702,44157.00000000,0.00072000,31.79304000,1704413088674,False
27325703,44157.00000000,0.00003000,1.32471000,1704413091103,False
27325704,44157.00000000,0.00287000,126.73059000,1704413091401,False
27325705,44157.00000000,0.03593000,1586.56101000,1704413091620,False
27325706,44176.79000000,0.00004000,1.76707160,1704413094234,False
27325707,44195.98000000,0.00049000,21.65603020,1704413110914,False
27325708,44196.86000000,0.00205000,90.60356300,1704413110914,False
27325709,44198.00000000,0.00679000,300.10442000,1704413110914,False
27325710,44210.86000000,0.00072000,31.83181920,1704413112468,False
27325711,44210.86000000,0.00003000,1.32632580,1704413112967,False
27325712,44184.00000000,0.00004000,1.76736000,1704413113005,False
27325713,44176.79000000,0.00264000,116.62672560,1704413148470,True
27325714,44192.24000000,0.00037000,16.35112880,1704413163150,False
27325715,44190.73000000,0.00678000,299.61314940,1704413164132,False
27325716,44190.74000000,0.00008000,3.53525920,1704413164132,False
27325717,44190.75000000,0.00214000,94.56820500,1704413164132,False
27325718,44149.63000000,0.00063000,27.81426690,1704413169174,True
27325719,44149.63000000,0.00615000,271.52022450,1704413177677,True
27325720,44149.41000000,0.00205000,90.50629050,1704413177677,True
27325721,44148.04000000,0.04000000,1765.92160000,1704413177677,True
27325722,44147.00000000,0.00800000,353.17600000,1704413177677,True
27325723,44146.99000000,0.97918000,43227.84966820,1704413177677,True
27325724,44185.36000000,0.00072000,31.81345920,1704413178619,False
27325725,44151.82000000,0.00045000,19.86831900,1704413196908,True
27325726,44147.10000000,0.00678000,299.31733800,1704413201333,True
27325727,44147.07000000,0.00412000,181.88592840,1704413201333,True
27325728,44140.83000000,0.00046000,20.30478180,1704413250262,True
27325729,44140.84000000,0.00250000,110.35210000,1704413251145,True
27325730,44140.85000000,0.00761000,335.91186850,1704413251206,True
27325731,44140.86000000,0.00678000,299.27503080,1704413251423,True
27325732,44140.86000000,0.00084000,37.07832240,1704413251423,True
27325733,44140.86000000,0.00500000,220.70430000,1704413251613,True
27325734,44140.83000000,0.00800000,353.12664000,1704413274348,True
27325735,44140.82000000,0.27917000,12322.79271940,1704413274348,True
27325736,44170.89000000,0.00034000,15.01810260,1704413277475,False
27325737,44170.74000000,0.00034000,15.01805160,1704413283178,False
27325738,44180.69000000,0.00045000,19.88131050,1704413286474,False
27325739,44140.70000000,0.00049000,21.62894300,1704413287596,True
27325740,44137.29000000,0.00800000,353.09832000,1704413287596,True
27325741,44137.28000000,0.12830000,5662.81302400,1704413287596,True
27325742,44170.33000000,0.00072000,31.80263760,1704413288669,False
27325743,44169.79000000,0.00072000,31.80224880,1704413289504,False
27325744,44168.02000000,0.00057000,25.17577140,1704413298119,False
27325745,44168.02000000,0.00003000,1.32504060,1704413327815,True
27325746,44168.02000000,0.00003000,1.32504060,1704413331364,True
27325747,44168.02000000,0.00003000,1.32504060,1704413334945,True
27325748,44168.02000000,0.00003000,1.32504060,1704413338553,True
27325749,44168.02000000,0.00003000,1.32504060,1704413343190,True
27325750,44168.02000000,0.00003000,1.32504060,1704413346617,True
27325751,44168.02000000,0.00003000,1.32504060,1704413350487,True
27325752,44168.02000000,0.00003000,1.32504060,1704413354246,True
27325753,44168.02000000,0.00003000,1.32504060,1704413358017,True
27325754,44146.02000000,0.00028000,12.36088560,1704413385046,False
27325755,44168.00000000,0.02232000,985.82976000,1704413385050,True
27325756,44168.00000000,0.00003000,1.32504000,1704413447623,True
27325757,44168.00000000,0.00003000,1.32504000,1704413453192,True
27325758,44173.18000000,0.00003000,1.32519540,1704413455407,False
27325759,44173.15000000,0.00003000,1.32519450,1704413456203,False
27325760,44172.67000000,0.00003000,1.32518010,1704413459795,False
27325761,44172.35000000,0.00008000,3.53378800,1704413463417,False
27325762,44172.36000000,0.00105000,46.38097800,1704413463417,False
27325763,44172.36000000,0.00003000,1.32517080,1704413463628,False
27325764,44131.70000000,0.00016000,7.06107200,1704413464901,True
27325765,44132.01000000,0.00015000,6.61980150,1704413494653,True
27325766,44171.34000000,0.00072000,31.80336480,1704413495624,False
27325767,44171.34000000,0.00072000,31.80336480,1704413495716,False
27325768,44168.39000000,0.00016000,7.06694240,1704413497960,False
27325769,44132.01000000,0.00109000,48.10389090,1704413518038,True
27325770,44132.01000000,0.00800000,353.05608000,1704413522423,True
27325771,44132.00000000,0.01280000,564.88960000,1704413522423,True
27325772,44132.01000000,0.00226000,99.73834260,1704413555367,True
27325773,44146.46000000,0.00035000,15.45126100,1704413639161,False
27325774,44146.46000000,0.00607000,267.96901220,1704413640967,False
27325775,44146.46000000,0.00039000,17.21711940,1704413641376,False
27325776,44132.03000000,0.00679000,299.65648370,1704413678365,True
27325777,44132.03000000,0.00248000,109.44743440,1704413678365,True
27325778,44132.03000000,0.00104000,45.89731120,1704413678365,True
27325779,44132.01000000,0.00215000,94.88382150,1704413678365,True
27325780,44166.19000000,0.01326000,585.64367940,1704413685969,False
27325781,44166.23000000,0.00578000,255.28080940,1704413685969,False
27325782,44167.69000000,0.00030000,13.25030700,1704413688281,False
27325783,44168.10000000,0.00030000,13.25043000,1704413689297,False
27325784,44168.59000000,0.00072000,31.80138480,1704413690357,False
27325785,44171.91000000,0.00700000,309.20337000,1704413691438,False
27325786,44172.59000000,0.00072000,31.80426480,1704413694261,False
27325787,44172.68000000,0.00030000,13.25180400,1704413695313,False
27325788,44174.18000000,0.00072000,31.80540960,1704413696321,False
27325789,44195.98000000,0.00049000,21.65603020,1704413696820,False
27325790,44196.86000000,0.00023000,10.16527780,1704413696820,False
27325791,44196.86000000,0.00037000,16.35283820,1704413697909,False
27325792,44196.86000000,0.00003000,1.32590580,1704413699242,False
27325793,44196.86000000,0.00072000,31.82173920,1704413699298,False
27325794,44196.86000000,0.00003000,1.32590580,1704413702676,False
27325795,44171.99000000,0.00016000,7.06751840,1704413704124,True
27325796,44171.99000000,0.00137000,60.51562630,1704413708678,True
27325797,44171.99000000,0.00044000,19.43567560,1704413734620,True
27325798,44171.99000000,0.00006000,2.65031940,1704413734720,True
27325799,44171.99000000,0.00359000,158.57744410,1704413740210,True
27325800,44140.70000000,0.00049000,21.62894300,1704413752794,True
27325801,44187.62000000,0.02080000,919.10249600,1704413798701,False
27325802,44182.83000000,0.00003000,1.32548490,1704413807617,False
27325803,44182.76000000,0.00003000,1.32548280,1704413811048,False
27325804,44182.73000000,0.00003000,1.32548190,1704413814488,False
27325805,44182.64000000,0.00003000,1.32547920,1704413817977,False
27325806,44182.52000000,0.00003000,1.32547560,1704413821480,False
27325807,44146.22000000,0.00250000,110.36555000,1704413823980,True
27325808,44191.17000000,0.00226000,99.87204420,1704413842332,False
27325809,44191.15000000,0.00072000,31.81762800,1704413843558,False
27325810,44191.15000000,0.00072000,31.81762800,1704413843600,False
27325811,44169.15000000,0.00015000,6.62537250,1704413863216,False
27325812,44195.79000000,0.00010000,4.41957900,1704413868654,False
27325813,44195.73000000,0.00169000,74.69078370,1704413872863,False
27325814,44195.98000000,0.00049000,21.65603020,1704413914220,False
27325815,44195.99000000,0.00800000,353.56792000,1704413915219,False
27325816,44195.99000000,0.00016000,7.07135840,1704413915657,False
27325817,44195.99000000,0.00800000,353.56792000,1704413916220,False
27325818,44195.99000000,0.00419000,185.18119810,1704413917220,False
27325819,44195.99000000,0.00003000,1.32587970,1704413918784,False
27325820,44196.00000000,0.02549000,1126.55604000,1704413919844,False
27325821,44196.86000000,0.00067000,29.61189620,1704413921459,False
27325822,44202.91000000,0.00072000,31.82609520,1704413922712,False
27325823,44202.91000000,0.00072000,31.82609520,1704413922712,False
27325824,44210.86000000,0.00230000,101.68497800,1704413928064,False
27325825,44214.92000000,0.00072000,31.83474240,1704413929142,False
27325826,44217.72000000,0.00067000,29.62587240,1704413934137,False
27325827,44214.92000000,0.00282000,124.68607440,1704413938885,True
27325828,44214.92000000,0.00116000,51.28930720,1704413938885,True
27325829,44214.92000000,0.00414000,183.04976880,1704413938885,True
27325830,44214.92000000,0.00282000,124.68607440,1704413939032,True
27325831,44217.71000000,0.00003000,1.32653130,1704413939159,False
27325832,44189.23000000,0.00010000,4.41892300,1704413940089,True
27325833,44217.66000000,0.00761000,336.49639260,1704413940930,False
27325834,44217.62000000,0.00003000,1.32652860,1704413942699,False
27325835,44189.23000000,0.00032000,14.14055360,1704413944538,True
27325836,44189.61000000,0.00006000,2.65137660,1704413974769,True
27325837,44217.60000000,0.00003000,1.32652800,1704413981068,False
27325838,44176.81000000,0.00800000,353.41448000,1704413982428,True
27325839,44176.81000000,0.00008000,3.53414480,1704413982428,True
27325840,44217.53000000,1.53935000,68066.25480550,1704413983482,False
27325841,44217.51000000,0.00086000,38.02705860,1704413987368,False
27325842,44213.96000000,0.00004000,1.76855840,1704414024511,False
27325843,44199.99000000,0.00006000,2.65199940,1704414030744,False
27325844,44199.99000000,0.00012000,5.30399880,1704414036598,False
27325845,44199.99000000,0.00012000,5.30399880,1704414037927,False
27325846,44199.99000000,0.00654000,289.06793460,1704414043261,False
27325847,44199.99000000,0.00341000,150.72196590,1704414043261,False
27325848,44199.98000000,0.00023000,10.16599540,1704414045911,False
27325849,44199.98000000,0.00003000,1.32599940,1704414047676,False
27325850,44199.98000000,0.00003000,1.32599940,1704414051210,False
27325851,44199.98000000,0.00003000,1.32599940,1704414054799,False
27325852,44199.98000000,0.00003000,1.32599940,1704414058359,False
27325853,44199.98000000,0.00003000,1.32599940,1704414061933,False
27325854,44199.96000000,0.00003000,1.32599880,1704414065797,False
27325855,44199.94000000,0.00003000,1.32599820,1704414069471,False
27325856,44199.98000000,0.00005000,2.20999900,1704414070960,False
27325857,44199.98000000,0.00004000,1.76799920,1704414071029,False
27325858,44200.00000000,0.00346000,152.93200000,1704414073371,False
27325859,44214.98000000,0.00014000,6.19009720,1704414073440,False
27325860,44214.98000000,0.00024000,10.61159520,1704414073472,False
27325861,44214.97000000,0.00003000,1.32644910,1704414083533,False
27325862,44214.98000000,0.00013000,5.74794740,1704414083548,False
27325863,44214.97000000,0.00072000,31.83477840,1704414084811,False
27325864,44203.97000000,0.00021000,9.28283370,1704414098719,False
27325865,44217.72000000,0.00005000,2.21088600,1704414118129,False
27325866,44218.39000000,0.00003000,1.32655170,1704414118232,False
27325867,44222.75000000,0.00650000,287.44787500,1704414119232,False
27325868,44222.76000000,0.02710000,1198.43679600,1704414120235,False
27325869,44224.07000000,0.00045000,19.90083150,1704414120522,False
27325870,44224.46000000,0.00072000,31.84161120,1704414120522,False
27325871,44226.16000000,0.00072000,31.84283520,1704414120522,False
27325872,44227.79000000,0.00072000,31.84400880,1704414120522,False
27325873,44227.79000000,0.00072000,31.84400880,1704414120522,False
27325874,44230.16000000,0.00020000,8.84603200,1704414120522,False
27325875,44230.16000000,0.00052000,22.99968320,1704414122077,False
27325876,44232.21000000,0.00038000,16.80823980,1704414122655,False
27325877,44232.21000000,0.00072000,31.84719120,1704414122698,False
27325878,44232.21000000,0.02600000,1150.03746000,1704414123336,False
27325879,44234.87000000,0.00009000,3.98113830,1704414126156,False
27325880,44234.87000000,0.00005000,2.21174350,1704414126192,False
27325881,44234.87000000,0.00016000,7.07757920,1704414127232,False
27325882,44237.11000000,0.00036000,15.92535960,1704414128335,False
27325883,44240.00000000,0.00033000,14.59920000,1704414129342,False
27325884,44240.15000000,0.00003000,1.32720450,1704414129982,False
27325885,44232.21000000,0.00005000,2.21161050,1704414133719,True
27325886,44232.20000000,0.02532000,1119.95930400,1704414134431,True
27325887,44240.08000000,0.00033000,14.59922640,1704414139630,False
27325888,44224.27000000,0.00280000,123.82795600,1704414145577,True
27325889,44239.80000000,0.00003000,1.32719400,1704414153911,False
27325890,44232.35000000,0.00003000,1.32697050,1704414167676,False
27325891,44232.32000000,0.00003000,1.32696960,1704414171173,False
27325892,44232.27000000,0.00003000,1.32696810,1704414174724,False
27325893,44232.24000000,0.00003000,1.32696720,1704414178275,False
27325894,44232.19000000,0.00003000,1.32696570,1704414181940,False
27325895,44232.12000000,0.00003000,1.32696360,1704414185604,False
27325896,44232.07000000,0.00003000,1.32696210,1704414189222,False
27325897,44195.58000000,0.00016000,7.07129280,1704414191944,True
27325898,44232.05000000,0.01087000,480.80238350,1704414193176,False
27325899,44232.04000000,0.00005000,2.21160200,1704414193830,False
27325900,44231.85000000,0.00006000,2.65391100,1704414205182,False
27325901,44231.84000000,0.00004000,1.76927360,1704414205277,False
27325902,44220.44000000,0.00006000,2.65322640,1704414221943,False
27325903,44220.44000000,0.00003000,1.32661320,1704414221954,False
27325904,44220.44000000,0.00028000,12.38172320,1704414222083,False
27325905,44209.84000000,0.00021000,9.28406640,1704414222399,False
27325906,44209.84000000,0.00054000,23.87331360,1704414222399,False
27325907,44191.26000000,0.00074000,32.70153240,1704414222413,True
27325908,44209.78000000,0.00064000,28.29425920,1704414237669,False
27325909,44209.70000000,0.00006000,2.65258200,1704414248483,False
27325910,44209.70000000,0.00003000,1.32629100,1704414253710,False
27325911,44222.15000000,0.00005000,2.21110750,1704414268365,False
27325912,44221.87000000,0.00003000,1.32665610,1704414287692,False
27325913,44221.86000000,0.00072000,31.83973920,1704414288571,False
27325914,44221.86000000,0.00072000,31.83973920,1704414288707,False
27325915,44221.84000000,0.00003000,1.32665520,1704414291157,False
27325916,44221.82000000,0.00003000,1.32665460,1704414294621,False
27325917,44221.78000000,0.00003000,1.32665340,1704414298228,False
27325918,44221.73000000,0.00003000,1.32665190,1704414301792,False
27325919,44221.68000000,0.00003000,1.32665040,1704414305668,False
27325920,44221.65000000,0.00016000,7.07546400,1704414307533,False
27325921,44221.62000000,0.00003000,1.32664860,1704414309338,False
27325922,44234.78000000,0.00004000,1.76939120,1704414326968,False
27325923,44234.78000000,0.00006000,2.65408680,1704414327034,False
27325924,44234.78000000,0.00003000,1.32704340,1704414329132,False
27325925,44223.78000000,0.00017000,7.51804260,1704414338825,False
27325926,44236.52000000,0.00028000,12.38622560,1704414338825,False
27325927,44221.62000000,0.00016000,7.07545920,1704414341787,True
27325928,44236.52000000,0.00003000,1.32709560,1704414342279,False
27325929,44236.52000000,0.00016000,7.07784320,1704414349064,False
27325930,44221.62000000,0.00005000,2.21108100,1704414360118,True
27325931,44221.62000000,0.00004000,1.76886480,1704414360118,True
27325932,44236.52000000,0.00006000,2.65419120,1704414377391,False
27325933,44236.52000000,0.00018000,7.96257360,1704414392622,False
27325934,44236.52000000,0.00001000,0.44236520,1704414407685,False
27325935,44237.61000000,0.00104000,46.00711440,1704414407797,False
27325936,44237.61000000,0.00003000,1.32712830,1704414413211,False
27325937,44240.15000000,0.00069000,30.52570350,1704414417375,False
27325938,44240.15000000,0.00072000,31.85290800,1704414417375,False
27325939,44241.19000000,0.00024000,10.61788560,1704414417375,False
27325940,44241.87000000,0.00441000,195.10664670,1704414417375,False
27325941,44237.61000000,0.00003000,1.32712830,1704414420111,True
27325942,44237.61000000,0.00006000,2.65425660,1704414420111,True
27325943,44237.61000000,0.00010000,4.42376100,1704414421037,False
27325944,44238.20000000,0.00441000,195.09046200,1704414421037,False
27325945,44244.37000000,0.00205000,90.70095850,1704414422478,False
27325946,44245.00000000,0.00048000,21.23760000,1704414423610,False
27325947,44244.37000000,0.00003000,1.32733110,1704414424021,True
27325948,44237.61000000,0.00014000,6.19326540,1704414424021,True
27325949,44237.61000000,0.00015000,6.63564150,1704414424021,True
27325950,44250.00000000,0.00072000,31.86000000,1704414424809,False
27325951,44249.99000000,0.00003000,1.32749970,1704414427439,False
27325952,44249.98000000,0.00003000,1.32749940,1704414431035,False
27325953,44237.61000000,0.00016000,7.07801760,1704414431254,True
27325954,44249.98000000,0.00032000,14.15999360,1704414440140,False
27325955,44249.99000000,0.04065000,1798.76209350,1704414440140,False
27325956,44250.00000000,0.12195000,5396.28750000,1704414440140,False
27325957,44251.26000000,0.00049000,21.68311740,1704414440140,False
27325958,44253.00000000,0.00678000,300.03534000,1704414440140,False
27325959,44257.10000000,0.00079000,34.96310900,1704414440140,False
27325960,44257.37000000,0.00003000,1.32772110,1704414440140,False
27325961,44258.57000000,0.00072000,31.86617040,1704414440140,False
27325962,44259.37000000,0.00003000,1.32778110,1704414440140,False
27325963,44259.44000000,0.00305000,134.99129200,1704414440140,False
27325964,44260.00000000,0.06669000,2951.69940000,1704414440150,True
27325965,44260.00000000,0.04574000,2024.45240000,1704414440349,True
27325966,44260.00000000,0.00003000,1.32780000,1704414441064,True
27325967,44260.00000000,0.06686000,2959.22360000,1704414441513,True
27325968,44260.00000000,0.65645000,29054.47700000,1704414442064,True
27325969,44260.00000000,0.00003000,1.32780000,1704414442088,True
27325970,44260.94000000,0.00206000,91.17753640,1704414445400,False
27325971,44249.94000000,0.00010000,4.42499400,1704414459093,False
27325972,44251.60000000,0.00015000,6.63774000,1704414459093,False
27325973,44260.96000000,0.00072000,31.86789120,1704414465303,False
27325974,44260.96000000,0.00041000,18.14699360,1704414465303,False
27325975,44238.03000000,0.00019000,8.40522570,1704414469020,True
27325976,44238.28000000,0.00677000,299.49315560,1704414493534,True
27325977,44238.28000000,0.00066000,29.19726480,1704414493534,True
27325978,44238.28000000,0.00196000,86.70702880,1704414493534,True
27325979,44240.17000000,0.00063000,27.87130710,1704414500708,False
27325980,44240.17000000,0.00003000,1.32720510,1704414527746,True
27325981,44240.17000000,0.00003000,1.32720510,1704414531191,True
27325982,44240.17000000,0.00003000,1.32720510,1704414534803,True
27325983,44240.17000000,0.00003000,1.32720510,1704414538347,True
27325984,44240.17000000,0.00003000,1.32720510,1704414542201,True
27325985,44240.17000000,0.00003000,1.32720510,1704414545760,True
27325986,44240.17000000,0.00003000,1.32720510,1704414549416,True
27325987,44240.17000000,0.00003000,1.32720510,1704414553008,True
27325988,44240.17000000,0.00003000,1.32720510,1704414556614,True
27325989,44218.17000000,0.00027000,11.93890590,1704414583195,False
27325990,44211.54000000,0.00020000,8.84230800,1704414604156,True
27325991,44239.57000000,0.00003000,1.32718710,1704414605320,False
27325992,44239.56000000,0.00003000,1.32718680,1704414647724,False
27325993,44239.56000000,0.00003000,1.32718680,1704414651215,False
27325994,44239.56000000,0.00003000,1.32718680,1704414654779,False
27325995,44239.56000000,0.00003000,1.32718680,1704414658417,False
27325996,44236.94000000,0.00003000,1.32710820,1704414662022,False
27325997,44236.92000000,0.00016000,7.07790720,1704414663890,False
27325998,44236.91000000,0.00003000,1.32710730,1704414665607,False
27325999,44236.87000000,0.00003000,1.32710610,1704414670353,False
27326000,44236.84000000,0.00003000,1.32710520,1704414674013,False
27326001,44236.81000000,0.00003000,1.32710430,1704414677605,False
27326002,44210.91000000,0.00025000,11.05272750,1704414694110,True
27326003,44210.86000000,0.00305000,134.84312300,1704414694110,True
27326004,44196.86000000,0.00205000,90.60356300,1704414698659,True
27326005,44199.86000000,0.00027000,11.93396220,1704414699718,False
27326006,44199.86000000,0.00045000,19.88993700,1704414699718,False
27326007,44195.98000000,0.00049000,21.65603020,1704414700240,True
27326008,44191.23000000,0.00035000,15.46693050,1704414702350,True
27326009,44191.23000000,0.00001000,0.44191230,1704414706541,True
27326010,44199.83000000,0.00030000,13.25994900,1704414707743,False
27326011,44172.41000000,0.00003000,1.32517230,1704414708208,True
27326012,44162.35000000,0.00013000,5.74110550,1704414708208,True
27326013,44162.33000000,0.00305000,134.69510650,1704414710841,True
27326014,44149.44000000,0.00012000,5.29793280,1704414711533,True
27326015,44149.45000000,0.00012000,5.29793400,1704414711808,True
27326016,44174.69000000,0.00045000,19.87861050,1704414718060,False
27326017,44174.67000000,0.00020000,8.83493400,1704414720108,False
27326018,44149.41000000,0.00205000,90.50629050,1704414720543,True
27326019,44141.88000000,0.00762000,336.36112560,1704414721109,True
27326020,44141.89000000,0.00761000,335.91978290,1704414721352,True
27326021,44158.27000000,0.00072000,31.79395440,1704414721585,False
27326022,44158.27000000,0.00016000,7.06532320,1704414721652,False
27326023,44158.27000000,0.00045000,19.87122150,1704414722024,False
27326024,44158.27000000,0.00072000,31.79395440,1704414722270,False
27326025,44141.00000000,0.00679000,299.71739000,1704414726140,True
27326026,44140.70000000,0.00049000,21.62894300,1704414727214,True
27326027,44135.00000000,0.00048000,21.18480000,1704414728382,True
27326028,44135.00000000,0.00003000,1.32405000,1704414731431,True
27326029,44135.00000000,0.00030000,13.24050000,1704414731806,True
27326030,44132.00000000,0.02401000,1059.60932000,1704414731880,True
27326031,44132.00000000,0.00280000,123.56960000,1704414732241,True
27326032,44130.00000000,0.00045000,19.85850000,1704414732814,True
27326033,44130.00000000,0.00033000,14.56290000,1704414732814,True
27326034,44138.02000000,0.00045000,19.86210900,1704414733042,False
27326035,44128.33000000,0.00493000,217.55266690,1704414733276,True
27326036,44128.33000000,0.00107000,47.21731310,1704414733293,True
27326037,44126.44000000,0.00003000,1.32379320,1704414733293,True
27326038,44126.44000000,0.00250000,110.31610000,1704414733293,True
27326039,44120.00000000,0.00100000,44.12000000,1704414734447,True
27326040,44134.18000000,0.00003000,1.32402540,1704414734606,False
27326041,44120.00000000,0.00203000,89.56360000,1704414736594,True
27326042,44117.30000000,0.00600000,264.70380000,1704414737185,True
27326043,44117.30000000,0.00600000,264.70380000,1704414737185,True
27326044,44114.11000000,0.00032000,14.11651520,1704414737185,True
27326045,44113.86000000,0.00305000,134.54727300,1704414737185,True
27326046,44113.33000000,0.00010000,4.41133300,1704414737185,True
27326047,44113.33000000,0.00250000,110.28332500,1704414737185,True
27326048,44108.44000000,0.00800000,352.86752000,1704414737185,True
27326049,44108.43000000,0.00024000,10.58602320,1704414737185,True
27326050,44102.55000000,0.08696000,3835.15774800,1704414737185,True
27326051,44127.08000000,0.00045000,19.85718600,1704414738061,False
27326052,44120.00000000,0.00005000,2.20600000,1704414739082,True
27326053,44106.27000000,0.00220000,97.03379400,1704414739082,True
27326054,44106.29000000,0.00142000,62.63093180,1704414739477,True
27326055,44127.06000000,0.00014000,6.17778840,1704414739638,False
27326056,44127.02000000,0.00072000,31.77145440,1704414741304,False
27326057,44116.57000000,0.00401000,176.90744570,1704414745571,False
27326058,44106.33000000,0.00016000,7.05701280,1704414746979,True
27326059,44106.27000000,0.00380000,167.60382600,1704414746979,True
27326060,44102.54000000,0.00030000,13.23076200,1704414746979,True
27326061,44102.03000000,0.00800000,352.81624000,1704414746979,True
27326062,44102.02000000,1.44293000,63636.12771860,1704414746979,True
27326063,44102.01000000,0.00205000,90.40912050,1704414748840,True
27326064,44105.54000000,0.00400000,176.42216000,1704414749004,True
27326065,44100.50000000,0.00250000,110.25125000,1704414750115,True
27326066,44109.21000000,0.00072000,31.75863120,1704414751691,False
27326067,44109.17000000,0.00235000,103.65654950,1704414753174,False
27326068,44100.00000000,0.02221000,979.46100000,1704414753971,True
27326069,44100.00000000,0.04774000,2105.33400000,1704414753971,True
27326070,44099.60000000,0.00036000,15.87585600,1704414753971,True
27326071,44088.11000000,0.01298000,572.26366780,1704414753971,True
27326072,44088.10000000,0.00250000,110.22025000,1704414753971,True
27326073,44086.00000000,0.00680000,299.78480000,1704414753971,True
27326074,44085.43000000,0.00049000,21.60186070,1704414753971,True
27326075,44082.41000000,0.78677000,34682.71771570,1704414753971,True
27326076,44095.77000000,0.00800000,352.76616000,1704414754309,False
27326077,44095.78000000,0.01754000,773.43998120,1704414754309,False
27326078,44095.78000000,0.00005000,2.20478900,1704414755128,False
27326079,44095.78000000,0.00072000,31.74896160,1704414756131,False
27326080,44095.78000000,0.00072000,31.74896160,1704414757061,False
27326081,44082.47000000,0.00353000,155.61111910,1704414757710,True
27326082,44090.00000000,0.00379000,167.10110000,1704414762243,False
27326083,44120.04000000,0.00020000,8.82400800,1704414780123,False
27326084,44095.24000000,0.00600000,264.57144000,1704414780558,True
27326085,44094.51000000,0.00400000,176.37804000,1704414780558,True
27326086,44090.00000000,0.00015000,6.61350000,1704414780558,True
27326087,44090.00000000,0.00003000,1.32270000,1704414780558,True
27326088,44082.47000000,0.00114000,50.25401580,1704414780558,True
27326089,44080.46000000,0.00003000,1.32241380,1704414780558,True
27326090,44079.70000000,0.00079000,34.82296300,1704414780558,True
27326091,44071.30000000,0.00800000,352.57040000,1704414780558,True
27326092,44071.21000000,0.00591000,260.46085110,1704414780558,True
27326093,44119.71000000,0.00300000,132.35913000,1704414781038,False
27326094,44119.69000000,0.00072000,31.76617680,1704414781612,False
27326095,44119.69000000,0.00072000,31.76617680,1704414781718,False
27326096,44119.65000000,0.00003000,1.32358950,1704414783518,False
27326097,44108.06000000,0.00003000,1.32324180,1704414787032,False
27326098,44108.06000000,0.00069000,30.43456140,1704414789405,False
27326099,44112.06000000,0.00072000,31.76068320,1704414789783,False
27326100,44117.00000000,0.00004000,1.76468000,1704414791191,False
27326101,44119.65000000,0.00041000,18.08905650,1704414791191,False
27326102,44119.63000000,0.00003000,1.32358890,1704414796845,False
27326103,44119.61000000,0.00072000,31.76611920,1704414797610,False
27326104,44112.06000000,0.00004000,1.76448240,1704414804205,True
27326105,44113.00000000,0.00004000,1.76452000,1704414805030,False
27326106,44119.55000000,0.00236000,104.12213800,1704414813334,False
27326107,44119.56000000,0.00030000,13.23586800,1704414813334,False
27326108,44120.22000000,0.00030000,13.23606600,1704414813334,False
27326109,44112.07000000,0.00111000,48.96439770,1704414819539,True
27326110,44112.06000000,0.00889000,392.15621340,1704414819539,True
27326111,44126.39000000,0.00072000,31.77100080,1704414820711,False
27326112,44112.06000000,0.01408000,621.09780480,1704414821064,True
27326113,44112.06000000,0.02597000,1145.59019820,1704414825378,True
27326114,44112.06000000,0.01953000,861.50853180,1704414829335,True
27326115,44112.06000000,0.00810000,357.30768600,1704414836384,True
27326116,44112.06000000,0.00203000,89.54748180,1704414859763,True
27326117,44126.25000000,0.00763000,336.68328750,1704414861157,False
27326118,44120.73000000,0.00193000,85.15300890,1704414886714,False
27326119,44120.73000000,0.00108000,47.65038840,1704414886714,False
27326120,44120.70000000,0.00003000,1.32362100,1704414887777,False
27326121,44120.66000000,0.00003000,1.32361980,1704414891273,False
27326122,44120.57000000,0.00003000,1.32361710,1704414894873,False
27326123,44120.57000000,0.00003000,1.32361710,1704414910911,True
27326124,44095.66000000,0.00016000,7.05530560,1704414913123,True
27326125,44095.66000000,0.00012000,5.29147920,1704414934781,True
27326126,44095.66000000,0.00399000,175.94168340,1704414936683,True
27326127,44095.66000000,0.00047000,20.72496020,1704414936683,True
27326128,44084.23000000,0.00242000,106.68383660,1704414953346,True
27326129,44084.22000000,0.00600000,264.50532000,1704414953346,True
27326130,44083.50000000,0.00158000,69.65193000,1704414953346,True
27326131,44083.49000000,0.00400000,176.33396000,1704414954007,True
27326132,44073.20000000,0.00019000,8.37390800,1704414958885,True
27326133,44070.00000000,0.00081000,35.69670000,1704414958885,True
27326134,44097.86000000,0.00010000,4.40978600,1704414960116,False
27326135,44070.00000000,0.00019000,8.37330000,1704414962093,True
27326136,44065.44000000,0.00306000,134.84024640,1704414962093,True
27326137,44065.44000000,0.00126000,55.52245440,1704414962093,True
27326138,44097.69000000,0.00016000,7.05563040,1704414966543,False
27326139,44097.66000000,0.00072000,31.75031520,1704414967864,False
27326140,44097.66000000,0.00072000,31.75031520,1704414967964,False
27326141,44097.64000000,0.00003000,1.32292920,1704414968751,False
27326142,44061.05000000,0.00020000,8.81221000,1704414972564,True
27326143,44102.07000000,0.00227000,100.11169890,1704414988653,False
27326144,44101.63000000,0.00003000,1.32304890,1704415008093,False
27326145,44101.53000000,0.00003000,1.32304590,1704415011781,False
27326146,44101.45000000,0.00003000,1.32304350,1704415015302,False
27326147,44101.37000000,0.00003000,1.32304110,1704415018860,False
27326148,44101.28000000,0.00003000,1.32303840,1704415022542,False
27326149,44101.26000000,0.00003000,1.32303780,1704415026157,False
27326150,44101.20000000,0.00003000,1.32303600,1704415029981,False
27326151,44101.16000000,0.00800000,352.80928000,1704415033220,False
27326152,44101.16000000,0.00197000,86.87928520,1704415033225,True
27326153,44101.15000000,0.00003000,1.32303450,1704415033706,False
27326154,44101.11000000,0.00450000,198.45499500,1704415034925,False
27326155,44101.11000000,0.00680000,299.88754800,1704415034925,False
27326156,44101.12000000,0.01590000,701.20780800,1704415034925,False
27326157,44101.08000000,0.00003000,1.32303240,1704415037385,False
27326158,44073.20000000,0.00600000,264.43920000,1704415050859,True
27326159,44073.20000000,0.00027000,11.89976400,1704415055101,False
27326160,44092.22000000,0.00018000,7.93659960,1704415055101,False
27326161,44060.96000000,0.00045000,19.82743200,1704415058130,True
27326162,44060.96000000,0.00201000,88.56252960,1704415058130,True
27326163,44057.27000000,0.00029000,12.77660830,1704415058173,True
27326164,44054.65000000,0.00205000,90.31203250,1704415059173,True
27326165,44053.86000000,0.00036000,15.85938960,1704415059173,True
27326166,44050.01000000,0.00800000,352.40008000,1704415060237,True
27326167,44050.00000000,0.00200000,88.10000000,1704415060237,True
27326168,44050.01000000,0.00800000,352.40008000,1704415061290,True
27326169,44050.00000000,0.00200000,88.10000000,1704415061290,True
27326170,44050.02000000,0.03749000,1651.43524980,1704415062351,True
27326171,44050.01000000,0.00800000,352.40008000,1704415064388,True
27326172,44050.00000000,0.00200000,88.10000000,1704415064388,True
27326173,44050.01000000,0.00800000,352.40008000,1704415066549,True
27326174,44050.00000000,0.00200000,88.10000000,1704415066549,True
27326175,44050.01000000,0.00800000,352.40008000,1704415067992,True
27326176,44050.00000000,0.00200000,88.10000000,1704415067992,True
27326177,44072.76000000,0.00060000,26.44365600,1704415068431,False
27326178,44050.01000000,0.00047000,20.70350470,1704415068671,True
27326179,44050.01000000,0.00700000,308.35007000,1704415069138,True
27326180,44050.00000000,0.00300000,132.15000000,1704415069138,True
27326181,44050.00000000,0.07875000,3468.93750000,1704415070149,True
27326182,44050.00000000,0.00075000,33.03750000,1704415070149,True
27326183,44049.53000000,0.00012000,5.28594360,1704415070162,True
27326184,44049.02000000,0.00215000,94.70539300,1704415070162,True
27326185,44072.74000000,0.00018000,7.93309320,1704415072080,False
27326186,44046.22000000,0.00016000,7.04739520,1704415072303,True
27326187,44046.22000000,0.00039000,17.17802580,1704415074981,True
27326188,44046.22000000,0.00336000,147.99529920,1704415074981,True
27326189,44046.22000000,0.00012000,5.28554640,1704415074981,True
27326190,44044.94000000,0.00135000,59.46066900,1704415075559,True
27326191,44044.33000000,0.15000000,6606.64950000,1704415075559,True
27326192,44043.38000000,0.00328000,144.46228640,1704415075693,True
27326193,44039.90000000,0.00139000,61.21546100,1704415075913,True
27326194,44039.06000000,0.00588000,258.94967280,1704415075913,True
27326195,44038.66000000,0.00835000,367.72281100,1704415075946,True
27326196,44038.66000000,0.00478000,210.50479480,1704415076175,True
27326197,44037.58000000,0.00286000,125.94747880,1704415076175,True
27326198,44036.62000000,0.00114000,50.20174680,1704415076175,True
27326199,44036.62000000,0.00114000,50.20174680,1704415076175,True
27326200,44036.62000000,0.00228000,100.40349360,1704415076175,True
27326201,44036.62000000,0.00114000,50.20174680,1704415076175,True
27326202,44036.62000000,0.00228000,100.40349360,1704415076175,True
27326203,44034.48000000,0.00003000,1.32103440,1704415076175,True
27326204,44033.56000000,0.00005000,2.20167800,1704415076175,True
27326205,44031.01000000,0.00290000,127.68992900,1704415076175,True
27326206,44031.00000000,0.00681000,299.85111000,1704415076175,True
27326207,44030.45000000,0.00020000,8.80609000,1704415076175,True
27326208,44030.15000000,0.00049000,21.57477350,1704415076175,True
27326209,44029.31000000,0.00039000,17.17143090,1704415076175,True
27326210,44028.13000000,0.00048000,21.13350240,1704415076175,True
27326211,44026.08000000,0.00010000,4.40260800,1704415076175,True
27326212,44025.28000000,0.00007000,3.08176960,1704415076175,True
27326213,44025.00000000,0.00048000,21.13200000,1704415076175,True
27326214,44023.97000000,0.00052000,22.89246440,1704415076175,True
27326215,44023.58000000,0.00027000,11.88636660,1704415076175,True
27326216,44020.40000000,0.02047000,901.09758800,1704415076175,True
27326217,44020.00000000,0.00033000,14.52660000,1704415076175,True
27326218,44017.90000000,0.00137000,60.30452300,1704415076175,True
27326219,44017.90000000,0.00228000,100.36081200,1704415076175,True
27326220,44017.07000000,0.00306000,134.69223420,1704415076175,True
27326221,44014.11000000,0.00522000,229.75365420,1704415076175,True
27326222,44013.17000000,0.00029000,12.76381930,1704415076175,True
27326223,44012.02000000,0.00014000,6.16168280,1704415076175,True
27326224,44008.60000000,0.00376000,165.47233600,1704415076175,True
27326225,44008.16000000,0.00036000,15.84293760,1704415076175,True
27326226,44008.09000000,0.00006000,2.64048540,1704415076175,True
27326227,44007.51000000,0.00113000,49.72848630,1704415076175,True
27326228,44007.35000000,0.00205000,90.21506750,1704415076175,True
27326229,44006.66000000,0.00010000,4.40066600,1704415076175,True
27326230,44005.34000000,0.00123000,54.12656820,1704415076175,True
27326231,44005.27000000,0.00031000,13.64163370,1704415076175,True
27326232,44005.01000000,0.00603000,265.35021030,1704415076175,True
27326233,44005.00000000,0.14458000,6362.24290000,1704415076175,True
27326234,44004.77000000,0.01311000,576.90253470,1704415076175,True
27326235,44004.51000000,0.00023000,10.12103730,1704415076175,True
27326236,44004.51000000,0.00023000,10.12103730,1704415076175,True
27326237,44004.24000000,0.00114000,50.16483360,1704415076175,True
27326238,44003.52000000,0.00023000,10.12080960,1704415076175,True
27326239,44000.72000000,0.00095000,41.80068400,1704415076175,True
27326240,44000.20000000,0.00150000,66.00030000,1704415076175,True
27326241,44000.00000000,0.32437000,14272.28000000,1704415076175,True
27326242,44000.00000000,0.13000000,5720.00000000,1704415076175,True
27326243,44000.00000000,0.02282000,1004.08000000,1704415076175,True
27326244,44000.00000000,0.00700000,308.00000000,1704415076175,True
27326245,44000.00000000,0.00075000,33.00000000,1704415076175,True
27326246,44000.00000000,0.00100000,44.00000000,1704415076175,True
27326247,44000.00000000,0.00227000,99.88000000,1704415076175,True
27326248,43999.57000000,0.00018000,7.91992260,1704415076175,True
27326249,43995.76000000,0.00323000,142.10630480,1704415076175,True
27326250,43995.35000000,0.00051000,22.43762850,1704415076175,True
27326251,43992.26000000,0.00041000,18.03682660,1704415076175,True
27326252,43991.93000000,0.00364000,160.13062520,1704415076175,True
27326253,43991.92000000,0.00045000,19.79636400,1704415076175,True
27326254,43991.01000000,0.00079000,34.75289790,1704415076175,True
27326255,43990.99000000,0.00079000,34.75288210,1704415076175,True
27326256,43990.99000000,0.00079000,34.75288210,1704415076175,True
27326257,43988.51000000,0.00003000,1.31965530,1704415076175,True
27326258,43987.97000000,0.00682000,299.99795540,1704415076175,True
27326259,43987.47000000,0.00113000,49.70584110,1704415076175,True
27326260,43983.64000000,0.00358000,157.46143120,1704415076175,True
27326261,43983.03000000,0.00136000,59.81692080,1704415076175,True
27326262,43982.19000000,0.00034000,14.95394460,1704415076175,True
27326263,43998.00000000,0.02189000,963.11622000,1704415076184,False
27326264,44051.53000000,0.00045000,19.82318850,1704415077124,False
27326265,44051.53000000,0.00103000,45.37307590,1704415077353,False
27326266,44051.53000000,0.01585000,698.21675050,1704415077372,False
27326267,44051.53000000,0.02720000,1198.20161600,1704415077394,False
27326268,44049.22000000,0.00009000,3.96442980,1704415078350,False
27326269,44049.22000000,0.00005000,2.20246100,1704415078362,False
27326270,44034.48000000,0.00003000,1.32103440,1704415080091,False
27326271,44054.65000000,0.00027000,11.89475550,1704415080091,False
27326272,44050.00000000,0.00113000,49.77650000,1704415086004,True
27326273,44042.06000000,0.00007000,3.08294420,1704415093090,False
27326274,44041.27000000,0.00003000,1.32123810,1704415093354,False
27326275,44038.80000000,0.00045000,19.81746000,1704415094155,False
27326276,44010.60000000,0.00029000,12.76307400,1704415094817,True
27326277,44010.60000000,0.00011000,4.84116600,1704415094817,True
27326278,44029.11000000,0.00014000,6.16407540,1704415095357,False
27326279,44000.01000000,0.00050000,22.00000500,1704415095934,True
27326280,44000.00000000,0.00950000,418.00000000,1704415095934,True
27326281,44000.00000000,0.01323000,582.12000000,1704415096306,True
27326282,44028.74000000,0.00008000,3.52229920,1704415096355,False
27326283,43990.35000000,0.00050000,21.99517500,1704415103331,True
27326284,43990.36000000,0.00051000,22.43508360,1704415103482,True
27326285,44028.56000000,0.00045000,19.81285200,1704415105175,False
27326286,43990.38000000,0.00225000,98.97835500,1704415106197,True
27326287,44028.50000000,0.00016000,7.04456000,1704415106976,False
27326288,44025.84000000,0.00800000,352.20672000,1704415114033,False
27326289,44025.85000000,0.00209000,92.01402650,1704415114033,False
27326290,44024.32000000,0.00007000,3.08170240,1704415117214,False
27326291,44024.31000000,0.00217000,95.53275270,1704415117392,False
27326292,43988.51000000,0.00003000,1.31965530,1704415117915,True
27326293,43978.02000000,0.00226000,99.39032520,1704415120914,True
27326294,43978.02000000,0.00681000,299.49031620,1704415120914,True
27326295,43977.98000000,0.00135000,59.37027300,1704415120914,True
27326296,43977.98000000,0.00011000,4.83757780,1704415120914,True
27326297,43977.63000000,0.00056000,24.62747280,1704415120914,True
27326298,43977.01000000,0.00800000,351.81608000,1704415120914,True
27326299,43977.00000000,0.00682000,299.92314000,1704415120914,True
27326300,43976.07000000,0.00024000,10.55425680,1704415120914,True
27326301,43974.87000000,0.00049000,21.54768630,1704415120914,True
27326302,43973.87000000,0.00116000,51.00968920,1704415120914,True
27326303,43971.90000000,0.00018000,7.91494200,1704415120914,True
27326304,43971.90000000,0.00031000,13.63128900,1704415120914,True
27326305,43971.90000000,0.00035000,15.39016500,1704415120914,True
27326306,43971.90000000,0.00018000,7.91494200,1704415120914,True
27326307,43970.60000000,0.00030000,13.19118000,1704415120914,True
27326308,43968.88000000,0.00049000,21.54475120,1704415120914,True
27326309,43968.75000000,0.00306000,134.54437500,1704415120914,True
27326310,43968.51000000,0.00018000,7.91433180,1704415120914,True
27326311,43966.54000000,0.00029000,12.75029660,1704415120914,True
27326312,43962.96000000,0.00123000,54.07444080,1704415120914,True
27326313,43962.93000000,0.00122000,53.63477460,1704415120914,True
27326314,43962.51000000,0.00036000,15.82650360,1704415120914,True
27326315,43961.81000000,0.31002000,13629.04033620,1704415120914,True
27326316,43968.71000000,0.00020000,8.79374200,1704415124346,True
27326317,44008.16000000,0.00031000,13.64252960,1704415125374,False
27326318,43968.73000000,0.00681000,299.42705130,1704415125698,True
27326319,43968.71000000,0.01045000,459.47301950,1704415125698,True
27326320,44008.12000000,0.00014000,6.16113680,1704415126369,False
27326321,44008.07000000,0.00072000,31.68581040,1704415127671,False
27326322,44008.07000000,0.00072000,31.68581040,1704415127702,False
27326323,44008.07000000,0.00003000,1.32024210,1704415127828,False
27326324,44008.02000000,0.00003000,1.32024060,1704415129694,False
27326325,44007.98000000,0.00003000,1.32023940,1704415131356,False
27326326,43983.03000000,0.00027000,11.87541810,1704415134487,False
27326327,43983.03000000,0.00003000,1.31949090,1704415134926,False
27326328,43983.03000000,0.00012000,5.27796360,1704415135535,False
27326329,43983.03000000,0.00003000,1.31949090,1704415138705,False
27326330,43983.03000000,0.00020000,8.79660600,1704415140098,False
27326331,43983.03000000,0.00071000,31.22795130,1704415141300,False
27326332,44008.08000000,0.00694000,305.41607520,1704415141300,False
27326333,44008.07000000,0.00004000,1.76032280,1704415141919,False
27326334,44008.05000000,0.00003000,1.32024150,1704415142312,False
27326335,43999.98000000,0.00003000,1.31999940,1704415146017,False
27326336,43999.96000000,0.00800000,351.99968000,1704415147330,False
27326337,43999.96000000,0.01260000,554.39949600,1704415147330,False
27326338,44000.03000000,0.00004000,1.76000120,1704415147330,False
27326339,44006.02000000,0.00380000,167.22287600,1704415149559,False
27326340,44002.03000000,0.00004000,1.76008120,1704415150283,False
27326341,44002.03000000,0.00041000,18.04083230,1704415150283,False
27326342,44000.03000000,0.00003000,1.32000090,1704415150315,True
27326343,44000.03000000,0.00003000,1.32000090,1704415153445,True
27326344,44000.03000000,0.00003000,1.32000090,1704415156960,True
27326345,44007.97000000,0.00800000,352.06376000,1704415165307,False
27326346,44007.98000000,0.00200000,88.01596000,1704415165307,False
27326347,44007.98000000,0.01753000,771.45988940,1704415166660,False
27326348,44008.16000000,0.00005000,2.20040800,1704415166660,False
27326349,44013.03000000,0.00004000,1.76052120,1704415167483,False
27326350,44015.03000000,0.00001000,0.44015030,1704415167483,False
27326351,44013.03000000,0.00004000,1.76052120,1704415170341,False
27326352,44017.07000000,0.00306000,134.69223420,1704415172167,False
27326353,44017.07000000,0.00010000,4.40170700,1704415174813,False
27326354,44017.07000000,0.00436000,191.91442520,1704415182739,False
27326355,44000.34000000,0.00223000,98.12075820,1704415184639,True
27326356,44030.15000000,0.00049000,21.57477350,1704415193926,False
27326357,44034.48000000,0.00003000,1.32103440,1704415196190,False
27326358,44050.01000000,0.00698000,307.46906980,1704415196330,False
27326359,44053.86000000,0.00036000,15.85938960,1704415199948,False
27326360,44020.87000000,0.00009000,3.96187830,1704415200108,True
27326361,44054.65000000,0.00178000,78.41727700,1704415201125,False
27326362,44056.05000000,0.00800000,352.44840000,1704415201125,False
27326363,44056.06000000,0.00022000,9.69233320,1704415201125,False
27326364,44056.05000000,0.00010000,4.40560500,1704415202319,False
27326365,44056.05000000,0.00800000,352.44840000,1704415202891,False
27326366,44056.06000000,0.00200000,88.11212000,1704415202891,False
27326367,44056.05000000,0.00800000,352.44840000,1704415204153,False
27326368,44056.06000000,0.00200000,88.11212000,1704415204153,False
27326369,44056.05000000,0.00250000,110.14012500,1704415205198,False
27326370,44056.06000000,0.00750000,330.42045000,1704415205198,False
27326371,44056.06000000,0.01548000,681.98780880,1704415205539,False
27326372,44057.68000000,0.00072000,31.72152960,1704415205539,False
27326373,44060.96000000,0.00045000,19.82743200,1704415207351,False
27326374,44061.69000000,0.00072000,31.72441680,1704415207351,False
27326375,44034.58000000,0.00011000,4.84380380,1704415207686,True
27326376,44050.00000000,0.00100000,44.05000000,1704415208279,False
27326377,44065.39000000,0.00114000,50.23454460,1704415218470,False
27326378,44065.43000000,0.01530000,674.20107900,1704415237606,False
27326379,44065.41000000,0.00020000,8.81308200,1704415244209,False
27326380,44065.37000000,0.00003000,1.32196110,1704415247864,False
27326381,44065.29000000,0.00003000,1.32195870,1704415251440,False
27326382,44065.44000000,0.00306000,134.84024640,1704415256383,False
27326383,44068.03000000,0.00045000,19.83061350,1704415257786,False
27326384,44065.29000000,0.00019000,8.37240510,1704415260107,True
27326385,44071.30000000,0.00037000,16.30638100,1704415263876,False
27326386,44071.40000000,0.00072000,31.73140800,1704415267113,False
27326387,44079.70000000,0.00072000,31.73738400,1704415267776,False
27326388,44079.70000000,0.00007000,3.08557900,1704415269648,False
27326389,44080.46000000,0.00003000,1.32241380,1704415270615,False
27326390,44085.43000000,0.00042000,18.51588060,1704415270615,False
27326391,44085.43000000,0.00003000,1.32256290,1704415272862,False
27326392,44085.43000000,0.00004000,1.76341720,1704415274100,False
27326393,44085.63000000,0.00024000,10.58055120,1704415276876,True
27326394,44085.63000000,0.00492000,216.90129960,1704415276876,True
27326395,44085.63000000,0.00214000,94.34324820,1704415276876,True
27326396,44085.63000000,0.00787000,346.95390810,1704415276876,True
27326397,44085.85000000,0.00040000,17.63434000,1704415278140,False
27326398,44085.85000000,0.00032000,14.10747200,1704415278331,False
27326399,44088.37000000,0.00004000,1.76353480,1704415279351,False
27326400,44089.86000000,0.00072000,31.74469920,1704415279351,False
27326401,44090.37000000,0.00004000,1.76361480,1704415279351,False
27326402,44085.66000000,0.00139000,61.27906740,1704415300646,True
27326403,44085.66000000,0.00054000,23.80625640,1704415300646,True
27326404,44085.66000000,0.00196000,86.40789360,1704415301219,True
27326405,44085.66000000,0.00133000,58.63392780,1704415301219,True
27326406,44072.47000000,0.00400000,176.28988000,1704415301219,True
27326407,44062.18000000,0.00600000,264.37308000,1704415305924,True
27326408,44062.18000000,0.00010000,4.40621800,1704415305924,True
27326409,44062.18000000,0.00098000,43.18093640,1704415305924,True
27326410,44062.18000000,0.00010000,4.40621800,1704415306202,True
27326411,44061.45000000,0.00400000,176.24580000,1704415306202,True
27326412,44072.39000000,0.00004000,1.76289560,1704415325503,False
27326413,44073.52000000,0.00003000,1.32220560,1704415330471,False
27326414,44076.09000000,0.00063000,27.76793670,1704415349758,False
27326415,44076.09000000,0.00070000,30.85326300,1704415349859,False
27326416,44076.01000000,0.02720000,1198.86747200,1704415353102,False
27326417,44076.01000000,0.00003000,1.32228030,1704415368545,True
27326418,44054.02000000,0.00014000,6.16756280,1704415368545,True
27326419,44078.29000000,0.02720000,1198.92948800,1704415369602,False
27326420,44090.96000000,0.00072000,31.74549120,1704415375913,False
27326421,44090.84000000,0.00003000,1.32272520,1704415379528,False
27326422,44090.82000000,0.00022000,9.69998040,1704415380265,False
27326423,44090.81000000,0.00072000,31.74538320,1704415380675,False
27326424,44090.81000000,0.00072000,31.74538320,1704415380718,False
27326425,44090.81000000,0.00003000,1.32272430,1704415383392,True
27326426,44090.81000000,0.02720000,1199.27003200,1704415384515,True
27326427,44090.81000000,0.00003000,1.32272430,1704415387012,True
27326428,44090.86000000,0.00004000,1.76363440,1704415389309,False
27326429,44090.86000000,0.00003000,1.32272580,1704415390360,False
27326430,44090.86000000,0.00003000,1.32272580,1704415393992,False
27326431,44090.86000000,0.00003000,1.32272580,1704415397576,False
27326432,44064.09000000,0.00150000,66.09613500,1704415414436,True
27326433,44064.09000000,0.00026000,11.45666340,1704415414436,True
27326434,44064.09000000,0.00022000,9.69409980,1704415414848,True
27326435,44090.86000000,0.00059000,26.01360740,1704415437350,False
27326436,44093.01000000,0.02720000,1199.32987200,1704415442347,False
27326437,44099.60000000,0.00036000,15.87585600,1704415443664,False
27326438,44100.92000000,0.00343000,151.26615560,1704415444874,False
27326439,44100.93000000,0.00072000,31.75266960,1704415444874,False
27326440,44102.01000000,0.00205000,90.40912050,1704415444874,False
27326441,44102.29000000,0.00072000,31.75364880,1704415444874,False
27326442,44102.54000000,0.00030000,13.23076200,1704415446455,False
27326443,44103.32000000,0.00072000,31.75439040,1704415446455,False
27326444,44103.32000000,0.00072000,31.75439040,1704415446455,False
27326445,44103.41000000,0.00826000,364.29416660,1704415446455,False
27326446,44103.41000000,0.01894000,835.31858540,1704415448052,False
27326447,44106.29000000,0.00072000,31.75652880,1704415470324,False
27326448,44108.43000000,0.00024000,10.58602320,1704415470741,False
27326449,44113.33000000,0.00010000,4.41133300,1704415470741,False
27326450,44113.86000000,0.00306000,134.98841160,1704415470741,False
27326451,44113.86000000,0.00003000,1.32341580,1704415487821,True
27326452,44113.86000000,0.00003000,1.32341580,1704415491305,True
27326453,44113.86000000,0.00003000,1.32341580,1704415494798,True
27326454,44113.86000000,0.00003000,1.32341580,1704415498470,True
27326455,44080.57000000,0.00010000,4.40805700,1704415500105,True
27326456,44124.74000000,0.00114000,50.30220360,1704415501297,False
27326457,44124.74000000,0.00284000,125.31426160,1704415501417,False
27326458,44124.73000000,0.00046000,20.29737580,1704415501558,False
27326459,44124.73000000,0.00003000,1.32374190,1704415501919,False
27326460,44124.73000000,0.00284000,125.31423320,1704415502024,False
27326461,44102.67000000,0.00029000,12.78977430,1704415505044,True
27326462,44117.39000000,0.00680000,299.99825200,1704415507916,False
27326463,44117.40000000,0.00879000,387.79194600,1704415507916,False
27326464,44110.03000000,0.02532000,1116.86595960,1704415507918,True
27326465,44102.67000000,0.00680000,299.89815600,1704415510038,True
27326466,44102.67000000,0.00003000,1.32308010,1704415512389,True
27326467,44102.67000000,0.00003000,1.32308010,1704415517456,True
27326468,44080.67000000,0.00021000,9.25694070,1704415542525,False
27326469,44109.27000000,0.00892000,393.45468840,1704415676559,False
27326470,44109.28000000,0.00322000,142.03188160,1704415676559,False
27326471,44109.06000000,0.00023000,10.14508380,1704415711106,False
27326472,44080.83000000,0.00113000,49.81133790,1704415713615,True
27326473,44109.06000000,0.00007000,3.08763420,1704415724342,False
27326474,44109.39000000,0.00070000,30.87657300,1704415725344,False
27326475,44116.92000000,0.00070000,30.88184400,1704415730869,False
27326476,44117.18000000,0.00002000,0.88234360,1704415730869,False
27326477,44117.18000000,0.00072000,31.76436960,1704415730997,False
27326478,44109.39000000,0.00016000,7.05750240,1704415732334,True
27326479,44109.39000000,0.00010000,4.41093900,1704415740094,True
27326480,44117.18000000,0.00626000,276.17354680,1704415760749,False
27326481,44117.40000000,0.00016000,7.05878400,1704415762577,False
27326482,44117.40000000,0.00284000,125.29341600,1704415763084,False
27326483,44117.40000000,0.05355000,2362.48677000,1704415763084,False
27326484,44117.42000000,0.00029000,12.79405180,1704415763851,False
27326485,44117.42000000,0.00001000,0.44117420,1704415764123,False
27326486,44117.43000000,0.00072000,31.76454960,1704415765141,False
27326487,44121.43000000,0.00072000,31.76742960,1704415766820,False
27326488,44126.44000000,0.00003000,1.32379320,1704415768346,False
27326489,44126.44000000,0.00176000,77.66253440,1704415768346,False
27326490,44126.52000000,0.00072000,31.77109440,1704415769344,False
27326491,44126.52000000,0.00072000,31.77109440,1704415769344,False
27326492,44126.52000000,0.01309000,577.61614680,1704415796347,False
27326493,44118.08000000,0.01245000,549.27009600,1704415801589,False
27326494,44118.08000000,0.01287000,567.79968960,1704415802595,False
27326495,44126.52000000,0.00763000,336.68534760,1704415803088,False
27326496,44126.52000000,0.00482000,212.68982640,1704415804000,False
27326497,44110.00000000,0.00023000,10.14530000,1704415804166,True
27326498,44128.99000000,0.00050000,22.06449500,1704415832048,False
27326499,44129.00000000,2.55224000,112627.79896000,1704415832048,False
27326500,44129.00000000,0.00700000,308.90300000,1704415832048,False
27326501,44129.00000000,0.00010000,4.41290000,1704415832048,False
27326502,44129.00000000,0.00020000,8.82580000,1704415832519,False
27326503,44129.00000000,0.00030000,13.23870000,1704415832519,False
27326504,44129.00000000,0.02310000,1019.37990000,1704415843792,False
27326505,44129.00000000,0.00095000,41.92255000,1704415846870,False
27326506,44129.00000000,0.00003000,1.32387000,1704415847915,False
27326507,44129.00000000,0.00105000,46.33545000,1704415847974,False
27326508,44129.00000000,0.00182000,80.31478000,1704415849128,False
27326509,44129.00000000,0.00003000,1.32387000,1704415851439,False
27326510,44129.00000000,0.00096000,42.36384000,1704415851590,False
27326511,44129.00000000,0.00107000,47.21803000,1704415852870,False
27326512,44129.00000000,0.00097000,42.80513000,1704415853023,False
27326513,44129.00000000,0.00050000,22.06450000,1704415854113,False
27326514,44129.00000000,0.00003000,1.32387000,1704415855027,False
27326515,44129.00000000,0.00003000,1.32387000,1704415858537,False
27326516,44129.00000000,0.00003000,1.32387000,1704415862183,False
27326517,44129.00000000,0.00003000,1.32387000,1704415865830,False
27326518,44128.00000000,0.00005000,2.20640000,1704415867845,True
27326519,44128.00000000,0.00018000,7.94304000,1704415894856,True
27326520,44128.00000000,0.00010000,4.41280000,1704415899891,True
27326521,44129.00000000,0.00342000,150.92118000,1704415910915,False
27326522,44129.00000000,0.00424000,187.10696000,1704415910926,False
27326523,44129.00000000,0.00001000,0.44129000,1704415924943,False
27326524,44130.00000000,0.00045000,19.85850000,1704415924943,False
27326525,44130.00000000,0.00033000,14.56290000,1704415924943,False
27326526,44133.54000000,0.00072000,31.77614880,1704415924943,False
27326527,44135.00000000,0.00048000,21.18480000,1704415924943,False
27326528,44140.70000000,0.00049000,21.62894300,1704415924943,False
27326529,44140.70000000,0.00041000,18.09768700,1704415924943,False
27326530,44140.70000000,0.00242000,106.82049400,1704415924959,False
27326531,44140.90000000,0.00072000,31.78144800,1704415924959,False
27326532,44142.52000000,0.00031000,13.68418120,1704415924959,False
27326533,44146.20000000,0.00227000,100.21187400,1704415924959,False
27326534,44146.88000000,0.00072000,31.78575360,1704415924959,False
27326535,44147.45000000,0.00072000,31.78616400,1704415924959,False
27326536,44147.45000000,0.00068000,30.02026600,1704415924959,False
27326537,44147.45000000,0.00004000,1.76589800,1704415928225,False
27326538,44149.41000000,0.00108000,47.68136280,1704415928225,False
27326539,44149.41000000,0.00096000,42.38343360,1704415928342,False
27326540,44149.41000000,0.00001000,0.44149410,1704415928843,False
27326541,44150.89000000,0.00071000,31.34713190,1704415928843,False
27326542,44150.89000000,0.00313000,138.19228570,1704415928851,False
27326543,44150.89000000,0.00399000,176.16205110,1704415928983,False
27326544,44150.89000000,0.00397000,175.27903330,1704415929027,False
27326545,44150.89000000,0.00660000,291.39587400,1704415929261,False
27326546,44151.23000000,0.00045000,19.86805350,1704415933724,False
27326547,44158.26000000,0.00162000,71.53638120,1704415933724,False
27326548,44158.09000000,0.00003000,1.32474270,1704415967890,False
27326549,44158.09000000,0.00012000,5.29897080,1704415970594,False
27326550,44158.09000000,0.00012000,5.29897080,1704415971110,False
27326551,44158.09000000,0.00003000,1.32474270,1704415971410,False
27326552,44158.09000000,0.00451000,199.15298590,1704415974254,False
27326553,44158.09000000,0.00003000,1.32474270,1704415974903,False
27326554,44148.02000000,0.00016000,7.06368320,1704415976088,True
27326555,44148.02000000,0.00008000,3.53184160,1704415976904,True
27326556,44148.02000000,0.00001000,0.44148020,1704415980130,True
27326557,44148.02000000,0.00003000,1.32444060,1704415980130,True
27326558,44128.02000000,0.00006000,2.64768120,1704415980130,True
27326559,44148.02000000,0.00021000,9.27108420,1704416012923,True
27326560,44148.02000000,0.00004000,1.76592080,1704416014877,True
27326561,44158.11000000,0.00679000,299.83356690,1704416031580,False
27326562,44158.12000000,0.00963000,425.24269560,1704416031580,False
27326563,44128.04000000,0.00396000,174.74703840,1704416038458,True
27326564,44148.01000000,0.01643000,725.35180430,1704416039608,False
27326565,44148.00000000,0.00072000,31.78656000,1704416039723,False
27326566,44148.00000000,0.00072000,31.78656000,1704416039817,False
27326567,44147.90000000,0.00003000,1.32443700,1704416087897,False
27326568,44148.00000000,0.00045000,19.86660000,1704416091902,False
27326569,44147.90000000,0.00003000,1.32443700,1704416093092,True
27326570,44147.90000000,0.00003000,1.32443700,1704416098377,True
27326571,44147.90000000,0.00003000,1.32443700,1704416104538,True
27326572,44128.64000000,0.00026000,11.47344640,1704416104538,True
27326573,44128.64000000,0.00029000,12.79730560,1704416104796,True
27326574,44148.00000000,0.00025000,11.03700000,1704416108371,False
27326575,44148.02000000,0.00030000,13.24440600,1704416109370,False
27326576,44158.26000000,0.00088000,38.85926880,1704416111372,False
27326577,44158.26000000,0.00250000,110.39565000,1704416111372,False
27326578,44158.26000000,0.00679000,299.83458540,1704416111372,False
27326579,44158.27000000,0.00250000,110.39567500,1704416112370,False
27326580,44160.70000000,0.00072000,31.79570400,1704416113783,False
27326581,44160.70000000,0.00072000,31.79570400,1704416113887,False
27326582,44160.70000000,0.00003000,1.32482100,1704416115077,False
27326583,44160.70000000,0.00254000,112.16817800,1704416116369,False
27326584,44160.70000000,0.00435000,192.09904500,1704416116369,False
27326585,44160.90000000,0.00004000,1.76643600,1704416119374,False
27326586,44132.81000000,0.00096000,42.36749760,1704416120982,True
27326587,44162.30000000,0.00039000,17.22329700,1704416123487,False
27326588,44160.90000000,0.00004000,1.76643600,1704416124370,False
27326589,44162.33000000,0.00153000,67.56836490,1704416126943,False
27326590,44151.33000000,0.00015000,6.62269950,1704416138724,False
27326591,44162.33000000,0.00152000,67.12674160,1704416162412,False
27326592,44163.99000000,0.00100000,44.16399000,1704416162412,False
27326593,44164.00000000,0.51900000,22921.11600000,1704416162412,False
27326594,44164.00000000,0.00474000,209.33736000,1704416162412,False
27326595,44164.90000000,0.00072000,31.79872800,1704416163851,False
27326596,44164.90000000,0.00036000,15.89936400,1704416166137,False
27326597,44164.93000000,0.00072000,31.79874960,1704416166137,False
27326598,44168.40000000,0.00079000,34.89303600,1704416167352,False
27326599,44168.93000000,0.00072000,31.80162960,1704416167352,False
27326600,44169.70000000,0.00072000,31.80218400,1704416168014,False
27326601,44158.59000000,0.00046000,20.31295140,1704416169045,True
27326602,44171.89000000,0.00072000,31.80376080,1704416172113,False
27326603,44172.41000000,0.00003000,1.32517230,1704416172113,False
27326604,44177.53000000,0.00079000,34.90024870,1704416172113,False
27326605,44178.92000000,0.00072000,31.80882240,1704416175911,False
27326606,44178.92000000,0.00072000,31.80882240,1704416175911,False
27326607,44180.31000000,0.00072000,31.80982320,1704416175911,False
27326608,44182.38000000,0.00250000,110.45595000,1704416175911,False
27326609,44182.78000000,0.00072000,31.81160160,1704416175911,False
27326610,44191.23000000,0.00036000,15.90884280,1704416180353,False
27326611,44192.46000000,0.02047000,904.61965620,1704416191741,False
27326612,44195.98000000,0.00049000,21.65603020,1704416191741,False
27326613,44196.86000000,0.00205000,90.60356300,1704416191741,False
27326614,44197.00000000,0.68721000,30372.62037000,1704416191741,False
27326615,44189.80000000,0.00051000,22.53679800,1704416193023,True
27326616,44197.00000000,0.45358000,20046.87526000,1704416195086,False
27326617,44199.00000000,0.68721000,30373.99479000,1704416195086,False
27326618,44199.00000000,0.45358000,20047.78242000,1704416198694,False
27326619,44199.02000000,0.00019000,8.39781380,1704416220111,True
27326620,44199.02000000,0.00029000,12.81771580,1704416224216,True
27326621,44199.04000000,0.00045000,19.88956800,1704416226755,False
27326622,44199.31000000,0.00052000,22.98364120,1704416226755,False
27326623,44199.54000000,0.00011000,4.86194940,1704416229046,True
27326624,44200.00000000,0.00016000,7.07200000,1704416232064,False
27326625,44199.79000000,0.02479000,1095.71279410,1704416235940,True
27326626,44199.53000000,0.00402000,177.68211060,1704416235940,True
27326627,44200.00000000,0.00045000,19.89000000,1704416236643,False
27326628,44199.53000000,0.00003000,1.32598590,1704416238079,True
27326629,44174.96000000,0.00020000,8.83499200,1704416238079,True
27326630,44179.42000000,0.00003000,1.32538260,1704416240425,True
27326631,44199.49000000,0.00023000,10.16588270,1704416266216,False
27326632,44198.00000000,0.02127000,940.09146000,1704416308762,False
27326633,44199.50000000,0.01017000,449.50891500,1704416351617,False
27326634,44199.50000000,0.00003000,1.32598500,1704416357067,False
27326635,44198.06000000,0.00003000,1.32594180,1704416364100,True
27326636,44198.06000000,0.00086000,38.01033160,1704416367204,True
27326637,44199.50000000,0.00203000,89.72498500,1704416405875,False
27326638,44199.50000000,0.00045000,19.88977500,1704416407616,False
27326639,44197.90000000,0.00004000,1.76791600,1704416412259,True
27326640,44197.90000000,0.00003000,1.32593700,1704416425161,True
27326641,44199.50000000,0.00020000,8.83990000,1704416433328,False
27326642,44197.90000000,0.01530000,676.22787000,1704416438246,True
27326643,44197.90000000,0.00016000,7.07166400,1704416439706,True
27326644,44197.90000000,0.00223000,98.56131700,1704416439800,True
27326645,44197.90000000,0.00062000,27.40269800,1704416444170,True
27326646,44197.90000000,0.00441000,194.91273900,1704416445177,True
27326647,44199.50000000,0.00020000,8.83990000,1704416452414,False
27326648,44199.50000000,0.00003000,1.32598500,1704416453877,False
27326649,44199.50000000,0.00004000,1.76798000,1704416455073,False
27326650,44199.50000000,0.00221000,97.68089500,1704416455336,False
27326651,44199.50000000,0.00003000,1.32598500,1704416457209,False
27326652,44199.50000000,0.00003000,1.32598500,1704416460840,False
27326653,44199.50000000,0.00003000,1.32598500,1704416464868,False
27326654,44199.50000000,0.00003000,1.32598500,1704416468282,False
27326655,44199.50000000,0.00003000,1.32598500,1704416471317,False
27326656,44197.90000000,0.00221000,97.67735900,1704416471769,True
27326657,44197.92000000,0.00018000,7.95562560,1704416495136,True
27326658,44197.92000000,0.00262000,115.79855040,1704416519582,True
27326659,44197.91000000,0.00800000,353.58328000,1704416519582,True
27326660,44197.23000000,0.01156000,510.91997880,1704416519582,True
27326661,44197.23000000,0.19549000,8640.11649270,1704416537356,True
27326662,44197.23000000,0.00003000,1.32591690,1704416569393,True
27326663,44196.77000000,0.00003000,1.32590310,1704416569393,True
27326664,44199.50000000,0.00006000,2.65197000,1704416605861,False
27326665,44196.77000000,0.00003000,1.32590310,1704416607121,True
27326666,44188.62000000,0.00760000,335.83351200,1704416607121,True
27326667,44188.62000000,0.00678000,299.59884360,1704416607517,True
27326668,44188.62000000,0.00322000,142.28735640,1704416607517,True
27326669,44188.62000000,0.00006000,2.65131720,1704416614977,True
27326670,44188.64000000,0.00800000,353.50912000,1704416637537,True
27326671,44188.64000000,0.00474000,209.45415360,1704416637537,True
27326672,44199.50000000,0.00046000,20.33177000,1704416650460,False
27326673,44199.50000000,0.00003000,1.32598500,1704416688000,False
27326674,44199.50000000,0.00072000,31.82364000,1704416688979,False
27326675,44199.50000000,0.00072000,31.82364000,1704416689024,False
27326676,44199.50000000,0.00003000,1.32598500,1704416691564,False
27326677,44199.50000000,0.00003000,1.32598500,1704416694927,False
27326678,44199.50000000,0.00003000,1.32598500,1704416698581,False
27326679,44189.06000000,0.00060000,26.51343600,1704416699808,True
27326680,44199.50000000,0.01077000,476.02861500,1704416705585,False
27326681,44199.50000000,0.00678000,299.67261000,1704416705585,False
27326682,44200.00000000,0.00639000,282.43800000,1704416705585,False
27326683,44200.00000000,0.00020000,8.84000000,1704416705585,False
27326684,44202.43000000,0.00011000,4.86226730,1704416705585,False
27326685,44210.02000000,0.00012000,5.30520240,1704416706633,False
27326686,44210.86000000,0.00305000,134.84312300,1704416706633,False
27326687,44211.88000000,0.00072000,31.83255360,1704416706633,False
27326688,44213.73000000,0.00285000,126.00913050,1704416706633,False
27326689,44214.07000000,0.00068000,30.06556760,1704416706633,False
27326690,44214.22000000,0.00045000,19.89639900,1704416706633,False
27326691,44215.88000000,0.00072000,31.83543360,1704416706633,False
27326692,44218.39000000,0.00003000,1.32655170,1704416706633,False
27326693,44218.50000000,0.00004000,1.76874000,1704416706633,False
27326694,44220.00000000,0.00010000,4.42200000,1704416706633,False
27326695,44220.00000000,0.00020000,8.84400000,1704416706633,False
27326696,44224.50000000,0.00004000,1.76898000,1704416706633,False
27326697,44226.50000000,0.00004000,1.76906000,1704416708909,False
27326698,44227.38000000,0.00536000,237.05875680,1704416708909,False
27326699,44232.32000000,0.00018000,7.96181760,1704416708909,False
27326700,44234.87000000,0.00030000,13.27046100,1704416710061,False
27326701,44235.21000000,0.00011000,4.86587310,1704416710061,False
27326702,44237.11000000,0.00004000,1.76948440,1704416710061,False
27326703,44232.32000000,0.00003000,1.32696960,1704416711357,True
27326704,44232.32000000,0.00003000,1.32696960,1704416712440,True
27326705,44237.11000000,0.00032000,14.15587520,1704416717187,False
27326706,44237.70000000,0.00400000,176.95080000,1704416717187,False
27326707,44238.43000000,0.00568000,251.27428240,1704416717187,False
27326708,44238.43000000,0.00032000,14.15629760,1704416718202,False
27326709,44240.00000000,0.00033000,14.59920000,1704416718202,False
27326710,44241.19000000,0.00024000,10.61788560,1704416718202,False
27326711,44241.85000000,0.00072000,31.85413200,1704416718202,False
27326712,44244.37000000,0.00205000,90.70095850,1704416718202,False
27326713,44245.00000000,0.00048000,21.23760000,1704416718202,False
27326714,44246.99000000,0.00585000,258.84489150,1704416718202,False
27326715,44246.99000000,0.00001000,0.44246990,1704416718202,False
27326716,44246.99000000,0.00800000,353.97592000,1704416720440,False
27326717,44247.00000000,0.00200000,88.49400000,1704416720440,False
27326718,44246.99000000,0.00106000,46.90180940,1704416720696,False
27326719,44246.99000000,0.00800000,353.97592000,1704416721699,False
27326720,44247.00000000,0.00200000,88.49400000,1704416721699,False
27326721,44246.99000000,0.00800000,353.97592000,1704416722969,False
27326722,44247.00000000,0.00200000,88.49400000,1704416722969,False
27326723,44246.99000000,0.00200000,88.49398000,1704416723942,False
27326724,44247.00000000,0.00800000,353.97600000,1704416723942,False
27326725,44247.00000000,0.50000000,22123.50000000,1704416725627,False
27326726,44247.00000000,0.46381000,20522.20107000,1704416731996,False
27326727,44248.76000000,0.00400000,176.99504000,1704416731996,False
27326728,44249.49000000,0.00600000,265.49694000,1704416731996,False
27326729,44251.26000000,0.00049000,21.68311740,1704416732194,False
27326730,44257.10000000,0.00079000,34.96310900,1704416732194,False
27326731,44259.44000000,0.00305000,134.99129200,1704416732194,False
27326732,44259.82000000,0.00400000,177.03928000,1704416732194,False
27326733,44234.88000000,0.00571000,252.58116480,1704416733336,True
27326734,44260.56000000,0.00600000,265.56336000,1704416733560,False
27326735,44260.96000000,0.00031000,13.72089760,1704416733560,False
27326736,44261.23000000,0.00072000,31.86808560,1704416733560,False
27326737,44264.37000000,0.00003000,1.32793110,1704416733560,False
27326738,44267.15000000,0.00072000,31.87234800,1704416734890,False
27326739,44267.15000000,0.00677000,299.68860550,1704416734890,False
27326740,44268.08000000,0.00045000,19.92063600,1704416734890,False
27326741,44268.40000000,0.00206000,91.19290400,1704416734890,False
27326742,44264.37000000,0.00003000,1.32793110,1704416736002,False
27326743,44268.40000000,0.00122000,54.00744800,1704416736002,False
27326744,44268.84000000,0.00022000,9.73914480,1704416737021,False
27326745,44270.00000000,0.00100000,44.27000000,1704416737021,False
27326746,44270.79000000,0.00079000,34.97392410,1704416737021,False
27326747,44270.79000000,0.00079000,34.97392410,1704416737021,False
27326748,44270.89000000,0.00400000,177.08356000,1704416737021,False
27326749,44271.01000000,0.00012000,5.31252120,1704416737021,False
27326750,44271.13000000,0.00016000,7.08338080,1704416739061,False
27326751,44271.62000000,0.00072000,31.87556640,1704416739893,False
27326752,44271.62000000,0.00078000,34.53186360,1704416747061,False
27326753,44243.47000000,0.00020000,8.84869400,1704416760114,True
27326754,44269.99000000,0.00131000,57.99368690,1704416762233,False
27326755,44243.47000000,0.00011000,4.86678170,1704416762666,True
27326756,44269.98000000,0.01170000,517.95876600,1704416763570,False
27326757,44243.47000000,0.00032000,14.15791040,1704416764072,True
27326758,44269.96000000,0.00089000,39.40026440,1704416767968,False
27326759,44243.47000000,0.00081000,35.83721070,1704416769374,True
27326760,44243.48000000,0.00237000,104.85704760,1704416770230,True
27326761,44243.48000000,0.00677000,299.52835960,1704416770230,True
27326762,44243.47000000,0.00222000,98.22050340,1704416770230,True
27326763,44231.52000000,0.03963000,1752.89513760,1704416770230,True
27326764,44231.52000000,0.05099000,2255.36520480,1704416770233,True
27326765,44243.47000000,0.00093000,41.14642710,1704416771098,True
27326766,44231.52000000,0.00677000,299.44739040,1704416771098,True
27326767,44219.68000000,0.00016000,7.07514880,1704416771284,True
27326768,44249.98000000,0.00003000,1.32749940,1704416799706,False
27326769,44218.39000000,0.00003000,1.32655170,1704416805489,True
27326770,44210.86000000,0.00305000,134.84312300,1704416805489,True
27326771,44210.86000000,0.00003000,1.32632580,1704416849170,True
27326772,44199.50000000,0.00150000,66.29925000,1704416849170,True
27326773,44199.50000000,0.00061000,26.96169500,1704416849170,True
27326774,44199.50000000,0.00065000,28.72967500,1704416849170,True
27326775,44199.50000000,0.00056000,24.75172000,1704416849170,True
27326776,44199.50000000,0.00056000,24.75172000,1704416849170,True
27326777,44199.50000000,0.00073000,32.26563500,1704416849170,True
27326778,44199.50000000,0.00056000,24.75172000,1704416849170,True
27326779,44199.50000000,0.00073000,32.26563500,1704416849170,True
27326780,44199.04000000,0.00045000,19.88956800,1704416849170,True
27326781,44217.70000000,0.00072000,31.83674400,1704416849845,False
27326782,44217.70000000,0.00072000,31.83674400,1704416849969,False
27326783,44196.86000000,0.00205000,90.60356300,1704416851350,True
27326784,44195.98000000,0.00049000,21.65603020,1704416852432,True
27326785,44191.23000000,0.00036000,15.90884280,1704416854946,True
27326786,44184.97000000,0.00045000,19.88323650,1704416859454,False
27326787,44184.97000000,0.00072000,31.81317840,1704416860574,False
27326788,44177.00000000,0.02977000,1315.14929000,1704416860641,True
27326789,44177.00000000,0.01952000,862.33504000,1704416861705,True
27326790,44177.00000000,0.04331000,1913.30587000,1704416862342,True
27326791,44176.07000000,0.00003000,1.32528210,1704416862604,True
27326792,44176.07000000,0.00325000,143.57222750,1704416862844,True
27326793,44175.00000000,0.00675000,298.18125000,1704416862844,True
27326794,44175.00000000,0.02469000,1090.68075000,1704416863879,True
27326795,44175.00000000,2.40250000,106130.43750000,1704416863915,True
27326796,44172.41000000,0.00003000,1.32517230,1704416877426,True
27326797,44162.33000000,0.00003000,1.32486990,1704416877426,True
27326798,44184.66000000,0.00010000,4.41846600,1704416880106,False
27326799,44162.33000000,0.00302000,133.37023660,1704416881328,True
27326800,44157.05000000,0.00016000,7.06512800,1704416881328,True
27326801,44156.07000000,0.00210000,92.72774700,1704416881328,True
27326802,44170.33000000,0.00016000,7.06725280,1704416883876,False
27326803,44170.33000000,0.00072000,31.80263760,1704416885217,False
27326804,44170.33000000,0.00072000,31.80263760,1704416885373,False
27326805,44163.20000000,0.00045000,19.87344000,1704416887573,False
27326806,44163.20000000,0.00011000,4.85795200,1704416891611,False
27326807,44163.19000000,0.00072000,31.79749680,1704416900626,False
27326808,44156.07000000,0.00065000,28.70144550,1704416910591,True
27326809,44149.41000000,0.00205000,90.50629050,1704416923616,True
27326810,44146.33000000,0.00045000,19.86584850,1704416926084,False
27326811,44146.32000000,0.00003000,1.32438960,1704416928010,False
27326812,44146.32000000,0.00003000,1.32438960,1704416932353,True
27326813,44146.32000000,0.00003000,1.32438960,1704416935833,True
27326814,44140.70000000,0.00049000,21.62894300,1704416935833,True
27326815,44140.70000000,0.00702000,309.86771400,1704416935833,True
27326816,44135.00000000,0.00048000,21.18480000,1704416935833,True
27326817,44140.98000000,0.00037000,16.33216260,1704416939965,False
27326818,44140.98000000,0.00019000,8.38678620,1704416940110,False
27326819,44135.00000000,0.00003000,1.32405000,1704416940931,True
27326820,44130.00000000,0.00045000,19.85850000,1704416940931,True
27326821,44130.00000000,0.00033000,14.56290000,1704416940931,True
27326822,44126.44000000,0.00003000,1.32379320,1704416940931,True
27326823,44119.40000000,0.00250000,110.29850000,1704416940931,True
27326824,44117.95000000,0.00800000,352.94360000,1704416940931,True
27326825,44117.95000000,0.00036000,15.88246200,1704416940931,True
27326826,44129.43000000,0.00045000,19.85824350,1704416942132,False
27326827,44129.43000000,0.00003000,1.32388290,1704416944538,False
27326828,44113.86000000,0.00305000,134.54727300,1704416947404,True
27326829,44113.33000000,0.00010000,4.41133300,1704416947506,True
27326830,44113.14000000,0.00002000,0.88226280,1704416947506,True
27326831,44113.86000000,0.00003000,1.32341580,1704416948151,True
27326832,44113.14000000,0.00009000,3.97018260,1704416948151,True
27326833,44113.14000000,0.00011000,4.85244540,1704416949160,True
27326834,44113.14000000,0.00003000,1.32339420,1704416949160,True
27326835,44111.91000000,0.00211000,93.07613010,1704416949160,True
27326836,44121.62000000,0.00011000,4.85337820,1704416952125,False
27326837,44111.91000000,0.00039000,17.20364490,1704416953355,True
27326838,44111.91000000,0.00003000,1.32335730,1704416953355,True
27326839,44116.76000000,0.02354000,1038.50853040,1704416956005,False
27326840,44116.76000000,0.00021000,9.26451960,1704416975005,False
27326841,44142.41000000,0.00093000,41.05244130,1704416985428,False
27326842,44142.42000000,0.00700000,308.99694000,1704416986900,False
27326843,44143.80000000,0.00030000,13.24314000,1704416986900,False
27326844,44154.55000000,0.00024000,10.59709200,1704416990072,False
27326845,44154.56000000,0.00250000,110.38640000,1704416990072,False
27326846,44154.56000000,0.00250000,110.38640000,1704416990072,False
27326847,44160.28000000,0.00070000,30.91219600,1704416990072,False
27326848,44162.33000000,0.00305000,134.69510650,1704416990086,False
27326849,44148.95000000,0.00016000,7.06383200,1704416994586,True
27326850,44172.41000000,0.00003000,1.32517230,1704416995784,False
27326851,44172.41000000,0.00069000,30.47896290,1704416995784,False
27326852,44174.46000000,0.00030000,13.25233800,1704417000734,False
27326853,44174.46000000,0.00030000,13.25233800,1704417000734,False
27326854,44174.89000000,0.00012000,5.30098680,1704417000734,False
27326855,44168.73000000,0.00003000,1.32506190,1704417047989,False
27326856,44168.66000000,0.00003000,1.32505980,1704417051476,False
27326857,44166.06000000,0.00003000,1.32498180,1704417055106,False
27326858,44166.03000000,0.00003000,1.32498090,1704417058616,False
27326859,44165.94000000,0.00003000,1.32497820,1704417062263,False
27326860,44165.88000000,0.00003000,1.32497640,1704417065837,False
27326861,44165.83000000,0.00003000,1.32497490,1704417069580,False
27326862,44165.83000000,0.00003000,1.32497490,1704417073246,True
27326863,44165.83000000,0.00006000,2.64994980,1704417095435,False
27326864,44165.83000000,0.00018000,7.94984940,1704417096942,False
27326865,44193.11000000,0.00004000,1.76772440,1704417097430,False
27326866,44156.21000000,0.00104000,45.92245840,1704417137414,True
27326867,44186.10000000,0.06079000,2686.07301900,1704417198589,False
27326868,44166.31000000,0.00003000,1.32498930,1704417288225,False
27326869,44166.26000000,0.00003000,1.32498780,1704417291920,False
27326870,44166.21000000,0.00003000,1.32498630,1704417295471,False
27326871,44166.10000000,0.00003000,1.32498300,1704417299093,False
27326872,44166.02000000,0.00003000,1.32498060,1704417302825,False
27326873,44165.92000000,0.00003000,1.32497760,1704417306464,False
27326874,44160.28000000,0.00003000,1.32480840,1704417310186,False
27326875,44160.21000000,0.00003000,1.32480630,1704417313880,False
27326876,44160.18000000,0.00016000,7.06562880,1704417315622,False
27326877,44160.16000000,0.00003000,1.32480480,1704417317928,False
27326878,44126.44000000,0.00003000,1.32379320,1704417318714,True
27326879,44121.93000000,0.00032000,14.11901760,1704417320767,True
27326880,44113.86000000,0.00305000,134.54727300,1704417332259,True
27326881,44108.43000000,0.00024000,10.58602320,1704417334647,True
27326882,44106.67000000,0.00114000,50.28160380,1704417335127,True
27326883,44102.54000000,0.00030000,13.23076200,1704417336139,True
27326884,44102.01000000,0.00205000,90.40912050,1704417336154,True
27326885,44102.01000000,0.00250000,110.25502500,1704417336154,True
27326886,44099.60000000,0.00027000,11.90689200,1704417339003,True
27326887,44099.60000000,0.00009000,3.96896400,1704417339846,True
27326888,44108.23000000,0.00148000,65.28018040,1704417349700,False
27326889,44108.18000000,0.00800000,352.86544000,1704417353192,False
27326890,44108.19000000,0.00195000,86.01097050,1704417353192,False
27326891,44108.18000000,0.02720000,1199.74249600,1704417353406,False
27326892,44094.51000000,0.00400000,176.37804000,1704417358565,True
27326893,44086.48000000,0.00800000,352.69184000,1704417358565,True
27326894,44086.47000000,0.06279000,2768.18945130,1704417358565,True
27326895,44086.46000000,0.00069000,30.41965740,1704417358565,True
27326896,44085.43000000,0.00049000,21.60186070,1704417358565,True
27326897,44085.43000000,0.00250000,110.21357500,1704417358565,True
27326898,44084.22000000,0.00600000,264.50532000,1704417358565,True
27326899,44080.67000000,0.01554000,685.01361180,1704417358565,True
27326900,44080.46000000,0.00003000,1.32241380,1704417358565,True
27326901,44077.77000000,0.00032000,14.10488640,1704417358565,True
27326902,44071.81000000,1.23751000,54539.30559310,1704417358565,True
27326903,44108.06000000,0.00010000,4.41080600,1704417360095,False
27326904,44083.49000000,0.00016000,7.05335840,1704417361891,True
27326905,44107.94000000,0.00109000,48.07765460,1704417365649,False
27326906,44083.49000000,0.00341000,150.32470090,1704417365719,True
27326907,44107.94000000,0.00003000,1.32323820,1704417366546,False
27326908,44107.94000000,0.00072000,31.75771680,1704417366875,False
27326909,44110.44000000,0.00016000,7.05767040,1704417369254,False
27326910,44110.29000000,0.00005000,2.20551450,1704417379713,False
27326911,44083.49000000,0.00043000,18.95590070,1704417400494,True
27326912,44073.20000000,0.00125000,55.09150000,1704417401618,True
27326913,44073.20000000,0.00043000,18.95147600,1704417401631,True
27326914,44108.71000000,0.04644000,2048.40849240,1704417403990,False
27326915,44108.72000000,0.01486000,655.45557920,1704417403990,False
27326916,44073.20000000,0.00432000,190.39622400,1704417407012,True
27326917,44072.47000000,0.00400000,176.28988000,1704417407012,True
27326918,44080.00000000,0.00100000,44.08000000,1704417407856,True
27326919,44072.47000000,0.00003000,1.32217410,1704417408020,True
27326920,44069.01000000,0.00800000,352.55208000,1704417408176,True
27326921,44069.00000000,0.02001000,881.82069000,1704417408217,True
27326922,44069.01000000,0.00800000,352.55208000,1704417409453,True
27326923,44069.00000000,0.00200000,88.13800000,1704417409453,True
27326924,44069.01000000,0.00800000,352.55208000,1704417410458,True
27326925,44101.55000000,0.00127000,56.00896850,1704417410741,False
27326926,44069.00000000,0.02205000,971.72145000,1704417411460,True
27326927,44066.91000000,0.00018000,7.93204380,1704417411481,True
27326928,44065.44000000,0.00306000,134.84024640,1704417411481,True
27326929,44061.45000000,0.00400000,176.24580000,1704417411481,True
27326930,44099.41000000,0.00003000,1.32298230,1704417411572,False
27326931,44072.48000000,0.00800000,352.57984000,1704417412108,True
27326932,44072.47000000,0.01920000,846.19142400,1704417412108,True
27326933,44072.47000000,0.00800000,352.57976000,1704417412456,True
27326934,44062.18000000,0.00600000,264.37308000,1704417412539,True
27326935,44060.96000000,0.00045000,19.82743200,1704417412539,True
27326936,44074.67000000,0.00004000,1.76298680,1704417412829,False
27326937,44054.65000000,0.00205000,90.31203250,1704417413634,True
27326938,44053.86000000,0.00036000,15.85938960,1704417413634,True
27326939,44053.86000000,0.00250000,110.13465000,1704417413634,True
27326940,44050.43000000,0.00400000,176.20172000,1704417414726,True
27326941,44050.01000000,0.00600000,264.30006000,1704417414726,True
27326942,44070.59000000,0.00072000,31.73082480,1704417415686,False
27326943,44053.86000000,0.00003000,1.32161580,1704417415968,True
27326944,44050.01000000,0.00150000,66.07501500,1704417416814,True
27326945,44051.16000000,0.00600000,264.30696000,1704417417472,True
27326946,44050.00000000,0.00400000,176.20000000,1704417417472,True
27326947,44070.57000000,0.00370000,163.06110900,1704417417735,False
27326948,44070.57000000,0.00810000,356.97161700,1704417418070,False
27326949,44050.00000000,0.53518000,23574.67900000,1704417418456,True
27326950,44049.53000000,0.00012000,5.28594360,1704417419116,True
27326951,44049.53000000,0.00250000,110.12382500,1704417419116,True
27326952,44050.00000000,0.00003000,1.32150000,1704417419458,True
27326953,44070.57000000,0.00020000,8.81411400,1704417420093,False
27326954,44070.57000000,0.00003000,1.32211710,1704417420654,False
27326955,44070.58000000,0.00069000,30.40870020,1704417420654,False
27326956,44043.38000000,0.00328000,144.46228640,1704417420674,True
27326957,44070.57000000,0.00764000,336.69915480,1704417421228,False
27326958,44039.42000000,0.00400000,176.15768000,1704417421737,True
27326959,44039.41000000,0.00029000,12.77142890,1704417421737,True
27326960,44039.41000000,0.00003000,1.32118230,1704417423166,True
27326961,44040.15000000,0.00600000,264.24090000,1704417424457,True
27326962,44039.42000000,0.00005000,2.20197100,1704417424477,True
27326963,44037.58000000,0.00286000,125.94747880,1704417424477,True
27326964,44039.42000000,0.00114000,50.20493880,1704417426304,True
27326965,44039.42000000,0.00003000,1.32118260,1704417427778,True
27326966,44034.48000000,0.00003000,1.32103440,1704417427790,True
27326967,44030.15000000,0.00013000,5.72391950,1704417427790,True
27326968,44030.15000000,0.00036000,15.85085400,1704417431301,True
27326969,44040.00000000,0.00100000,44.04000000,1704417431901,True
27326970,44040.00000000,0.00003000,1.32120000,1704417438277,True
27326971,44029.31000000,0.00039000,17.17143090,1704417439289,True
27326972,44025.00000000,0.00048000,21.13200000,1704417440575,True
27326973,44023.97000000,0.00052000,22.89246440,1704417441679,True
27326974,44020.41000000,0.00800000,352.16328000,1704417442718,True
27326975,44020.40000000,0.00200000,88.04080000,1704417442718,True
27326976,44040.00000000,0.02720000,1197.88800000,1704417443401,True
27326977,44020.40000000,0.01847000,813.05678800,1704417444270,True
27326978,44020.00000000,0.00033000,14.52660000,1704417444666,True
27326979,44017.07000000,0.00306000,134.69223420,1704417445714,True
27326980,44016.63000000,0.00125000,55.02078750,1704417446753,True
27326981,44013.14000000,0.00050000,22.00657000,1704417446846,True
27326982,44013.13000000,0.03329000,1465.19709770,1704417446942,True
27326983,44013.13000000,0.00293000,128.95847090,1704417452068,True
27326984,44013.13000000,0.08706000,3831.78309780,1704417452755,True
27326985,44013.13000000,0.00007000,3.08091910,1704417452755,True
27326986,44008.16000000,0.00036000,15.84293760,1704417452938,True
27326987,44007.35000000,0.00205000,90.21506750,1704417454462,True
27326988,44006.66000000,0.00010000,4.40066600,1704417454535,True
27326989,44005.27000000,0.00031000,13.64163370,1704417454535,True
27326990,44000.00000000,0.00214000,94.16000000,1704417454535,True
27326991,44000.00000000,0.00021000,9.24000000,1704417455025,True
27326992,44000.00000000,0.24093000,10600.92000000,1704417455460,True
27326993,44000.00000000,0.00700000,308.00000000,1704417455460,True
27326994,44000.00000000,0.00100000,44.00000000,1704417455460,True
27326995,44000.00000000,0.00024000,10.56000000,1704417455460,True
27326996,44000.00000000,0.02273000,1000.12000000,1704417455460,True
27326997,43995.38000000,0.62483000,27489.63328540,1704417456236,True
27326998,43995.37000000,0.00029000,12.75865730,1704417456278,True
27326999,43991.92000000,0.00045000,19.79636400,1704417456315,True
27327000,43990.99000000,0.00079000,34.75288210,1704417456370,True
27327001,43988.51000000,0.00003000,1.31965530,1704417456441,True
27327002,43979.48000000,0.00020000,8.79589600,1704417456441,True
27327003,43976.07000000,0.00024000,10.55425680,1704417456441,True
27327004,43974.87000000,0.00049000,21.54768630,1704417456441,True
27327005,43970.60000000,0.00030000,13.19118000,1704417456441,True
27327006,43968.75000000,0.00306000,134.54437500,1704417456441,True
27327007,43968.51000000,0.00018000,7.91433180,1704417456441,True
27327008,43962.51000000,0.00036000,15.82650360,1704417456441,True
27327009,43962.00000000,0.00127000,55.83174000,1704417456441,True
27327010,43971.61000000,0.00746000,328.02821060,1704417459492,True
27327011,43971.61000000,0.00048000,21.10637280,1704417459572,True
27327012,44037.41000000,0.00186000,81.90958260,1704417460764,False
27327013,43972.98000000,0.00867000,381.24573660,1704417472717,True
27327014,43972.98000000,0.00499000,219.42517020,1704417472719,True
27327015,43981.92000000,0.00011000,4.83801120,1704417472750,True
27327016,43972.98000000,0.00489000,215.02787220,1704417472750,True
27327017,43972.98000000,0.00020000,8.79459600,1704417472816,True
27327018,44037.41000000,0.00096000,42.27591360,1704417474982,False
27327019,44037.41000000,0.00009000,3.96336690,1704417480130,False
27327020,44037.41000000,0.00072000,31.70693520,1704417480678,False
27327021,44000.00000000,0.00451000,198.44000000,1704417481258,True
27327022,44000.00000000,0.01874000,824.56000000,1704417481394,True
27327023,44009.10000000,0.00047000,20.68427700,1704417485854,False
27327024,43971.81000000,0.00066000,29.02139460,1704417487454,True
27327025,44009.10000000,0.00016000,7.04145600,1704417489410,False
27327026,44009.10000000,0.00149000,65.57355900,1704417489922,False
27327027,43975.88000000,0.05099000,2242.33012120,1704417490220,True
27327028,43971.61000000,0.02563000,1126.99236430,1704417492136,True
27327029,43962.01000000,0.07593000,3338.03541930,1704417492463,True
27327030,43962.00000000,0.44747000,19671.67614000,1704417495465,True
27327031,43960.67000000,0.00057000,25.05758190,1704417496466,True
27327032,43960.62000000,0.00123000,54.07156260,1704417497116,True
27327033,43960.10000000,0.00206000,90.55780600,1704417497116,True
27327034,43958.85000000,0.00069000,30.33160650,1704417497116,True
27327035,43958.52000000,0.00008000,3.51668160,1704417497116,True
27327036,43957.99000000,0.00022000,9.67075780,1704417497116,True
27327037,43956.00000000,0.00028000,12.30768000,1704417497182,True
27327038,43955.42000000,0.00049000,21.53815580,1704417497466,True
27327039,43951.00000000,0.00113000,49.66463000,1704417501308,True
27327040,43951.00000000,0.00009000,3.95559000,1704417501308,True
27327041,43950.00000000,0.00049000,21.53550000,1704417501982,True
27327042,43950.00000000,0.00026000,11.42700000,1704417502442,True
27327043,43950.00000000,0.00100000,43.95000000,1704417502442,True
27327044,43949.38000000,0.00059000,25.93013420,1704417502464,True
27327045,43985.92000000,0.00006000,2.63915520,1704417503862,False
27327046,43947.53000000,0.00034000,14.94216020,1704417504464,True
27327047,43945.00000000,0.01328000,583.58960000,1704417505864,True
27327048,43943.69000000,0.00092000,40.42819480,1704417506465,True
27327049,43995.38000000,0.00072000,31.67667360,1704417506810,False
27327050,43950.53000000,0.00050000,21.97526500,1704417507337,True
27327051,43950.52000000,0.05099000,2241.03701480,1704417507337,True
27327052,43949.38000000,0.24328000,10692.00516640,1704417507337,True
27327053,43950.52000000,0.05099000,2241.03701480,1704417507465,True
27327054,43949.38000000,0.03276000,1439.78168880,1704417507585,True
27327055,43949.38000000,0.46527000,20448.32803260,1704417507651,True
27327056,43942.53000000,0.00003000,1.31827590,1704417507721,True
27327057,43940.86000000,0.00019000,8.34876340,1704417508132,True
27327058,43939.53000000,0.00073000,32.07585690,1704417508384,True
27327059,43938.05000000,0.00020000,8.78761000,1704417508384,True
27327060,43937.82000000,0.00432000,189.81138240,1704417508384,True
27327061,43934.54000000,0.00022000,9.66559880,1704417508384,True
27327062,43932.63000000,0.00095000,41.73599850,1704417508384,True
27327063,43932.57000000,0.00023000,10.10449110,1704417508384,True
27327064,43932.57000000,0.00023000,10.10449110,1704417508384,True
27327065,43932.57000000,0.00023000,10.10449110,1704417508384,True
27327066,43932.57000000,0.00023000,10.10449110,1704417508384,True
27327067,43932.57000000,0.00023000,10.10449110,1704417508384,True
27327068,43932.57000000,0.00023000,10.10449110,1704417508384,True
27327069,43932.55000000,0.00023000,10.10448650,1704417508384,True
27327070,43932.55000000,0.00023000,10.10448650,1704417508384,True
27327071,43932.55000000,0.00024000,10.54381200,1704417508384,True
27327072,43932.54000000,0.00023000,10.10448420,1704417508384,True
27327073,43932.54000000,0.00023000,10.10448420,1704417508384,True
27327074,43932.54000000,0.00023000,10.10448420,1704417508384,True
27327075,43932.54000000,0.00023000,10.10448420,1704417508384,True
27327076,43932.41000000,0.00006000,2.63594460,1704417508384,True
27327077,43931.91000000,0.00023000,10.10433930,1704417508384,True
27327078,43931.45000000,0.00007000,3.07520150,1704417508384,True
27327079,43930.73000000,0.28449000,12497.85337770,1704417508384,True
27327080,43980.13000000,0.00072000,31.66569360,1704417508810,False
27327081,43980.13000000,0.00020000,8.79602600,1704417508865,False
27327082,43930.72000000,0.00319000,140.13899680,1704417509464,True
27327083,43929.30000000,0.00138000,60.62243400,1704417509678,True
27327084,43927.79000000,0.00001000,0.43927790,1704417509678,True
27327085,43924.23000000,0.00035000,15.37348050,1704417509678,True
27327086,43924.23000000,0.00026000,11.42029980,1704417509867,True
27327087,43975.80000000,0.00257000,113.01780600,1704417509899,False
27327088,43923.98000000,0.00649000,285.06663020,1704417511465,True
27327089,43977.96000000,0.00682000,299.92968720,1704417517269,False
27327090,43977.98000000,0.00800000,351.82384000,1704417517269,False
27327091,43977.99000000,0.01238000,544.44751620,1704417517269,False
27327092,43964.97000000,0.00072000,31.65477840,1704417520588,False
27327093,43964.91000000,0.00638000,280.49612580,1704417525800,False
27327094,43964.89000000,0.00072000,31.65472080,1704417526959,False
27327095,43964.88000000,0.00003000,1.31894640,1704417528072,False
27327096,43964.85000000,0.00003000,1.31894550,1704417531579,False
27327097,43964.81000000,0.00003000,1.31894430,1704417535152,False
27327098,43964.75000000,0.00003000,1.31894250,1704417538613,False
27327099,43964.75000000,0.00073000,32.09426750,1704417538759,False
27327100,43964.57000000,0.00030000,13.18937100,1704417540120,False
27327101,43926.82000000,0.00257000,112.89192740,1704417540625,True
27327102,43926.82000000,0.00706000,310.12334920,1704417541209,True
27327103,43926.80000000,0.00005000,2.19634000,1704417541209,True
27327104,43964.98000000,0.00072000,31.65478560,1704417541388,False
27327105,43976.93000000,0.00694000,305.19989420,1704417541388,False
27327106,43922.88000000,0.00045000,19.76529600,1704417541471,True
27327107,43922.88000000,0.00003000,1.31768640,1704417542468,True
27327108,43922.85000000,0.00057000,25.03602450,1704417543170,True
27327109,43922.00000000,0.00683000,299.98726000,1704417543170,True
27327110,43921.62000000,0.00019000,8.34510780,1704417543170,True
27327111,43920.86000000,0.00036000,15.81150960,1704417543170,True
27327112,43920.49000000,0.00205000,90.03700450,1704417543170,True
27327113,43958.49000000,0.00072000,31.65011280,1704417543996,False
27327114,43958.48000000,0.00010000,4.39584800,1704417544018,False
27327115,43958.45000000,0.00003000,1.31875350,1704417545865,False
27327116,43920.49000000,0.00102000,44.79889980,1704417546902,True
27327117,43919.99000000,0.00228000,100.13757720,1704417547062,True
27327118,43919.77000000,0.00772000,339.06062440,1704417547062,True
27327119,43919.77000000,0.00150000,65.87965500,1704417547466,True
27327120,43935.88000000,0.00004000,1.75743520,1704417554036,False
27327121,43941.88000000,0.00003000,1.31825640,1704417555887,False
27327122,43941.88000000,0.00003000,1.31825640,1704417557468,True
27327123,43954.30000000,0.00041000,18.02126300,1704417561939,False
27327124,43919.84000000,0.00075000,32.93988000,1704417563192,True
27327125,43954.24000000,0.00028000,12.30718720,1704417564861,False
27327126,43943.24000000,0.00014000,6.15205360,1704417578864,False
