id,price,qty,quote_qty,time,is_buyer_maker
27172951,42278.79000000,0.00100000,42.27879000,1704067233581,False
27172952,42288.99000000,0.00670000,283.33623300,1704067233760,False
27172953,42289.00000000,0.00236000,99.80204000,1704067233760,False
27172954,42299.55000000,0.00003000,1.26898650,1704067233760,False
27172955,42299.56000000,0.00037000,15.65083720,1704067233760,False
27172956,42278.80000000,0.00046000,19.44824800,1704067256212,True
27172957,42278.80000000,0.00019000,8.03297200,1704067260121,True
27172958,42278.80000000,0.52966000,22393.38920800,1704067261188,True
27172959,42299.55000000,0.00100000,42.29955000,1704067267515,False
27172960,42300.00000000,0.00100000,42.30000000,1704067269971,False
27172961,42304.83000000,0.00019000,8.03791770,1704067272516,False
27172962,42305.78000000,0.00305000,129.03262900,1704067273516,False
27172963,42306.27000000,0.00037000,15.65331990,1704067273598,False
27172964,42307.69000000,0.00010000,4.23076900,1704067273598,False
27172965,42308.35000000,0.00055000,23.26959250,1704067273598,False
27172966,42310.58000000,0.00134000,56.69617720,1704067273598,False
27172967,42290.42000000,0.01276000,539.62575920,1704067277225,True
27172968,42310.58000000,0.00185000,78.27457300,1704067289368,False
27172969,42314.20000000,0.00100000,42.31420000,1704067303189,False
27172970,42314.21000000,0.00627000,265.31009670,1704067303189,False
27172971,42314.22000000,0.00293000,123.98066460,1704067303189,False
27172972,42316.58000000,0.00049000,20.73512420,1704067303189,False
27172973,42326.09000000,0.51897000,21965.97092730,1704067303189,False
27172974,42310.58000000,0.00030000,12.69317400,1704067320111,True
27172975,42326.05000000,0.00046000,19.46998300,1704067323198,False
27172976,42326.05000000,0.00113000,47.82843650,1704067327159,True
27172977,42310.58000000,0.00447000,189.12829260,1704067327159,True
27172978,42310.59000000,0.00113000,47.81096670,1704067333912,True
27172979,42334.95000000,0.00100000,42.33495000,1704067354519,False
27172980,42334.95000000,0.00084000,35.56135800,1704067357031,True
27172981,42310.59000000,0.00167000,70.65868530,1704067371355,True
27172982,42310.59000000,0.00113000,47.81096670,1704067371355,True
27172983,42303.15000000,0.04885000,2066.50887750,1704067371355,True
27172984,42303.15000000,0.00113000,47.80255950,1704067376912,True
27172985,42334.94000000,0.00027000,11.43043380,1704067381294,False
27172986,42334.96000000,0.00045000,19.05073200,1704067381904,False
27172987,42336.44000000,0.00001000,0.42336440,1704067381904,False
27172988,42336.44000000,0.00040000,16.93457600,1704067383426,False
27172989,42337.79000000,0.00001000,0.42337790,1704067383426,False
27172990,42337.79000000,0.00441000,186.70965390,1704067383569,False
27172991,42337.78000000,0.00045000,19.05200100,1704067385064,False
27172992,42337.79000000,0.00051000,21.59227290,1704067385064,False
27172993,42309.72000000,0.00003000,1.26929160,1704067393601,True
27172994,42337.77000000,0.00100000,42.33777000,1704067397522,False
27172995,42341.00000000,0.00050000,21.17050000,1704067409631,False
27172996,42347.99000000,0.00046000,19.48007540,1704067411663,False
27172997,42347.99000000,0.00480000,203.27035200,1704067412210,False
27172998,42348.00000000,0.00709000,300.24732000,1704067413211,False
27172999,42348.55000000,0.00353000,149.49038150,1704067414216,False
27173000,42350.00000000,0.00100000,42.35000000,1704067415687,False
27173001,42350.10000000,0.00003000,1.27050300,1704067416738,False
27173002,42352.95000000,0.00006000,2.54117700,1704067416997,False
27173003,42357.08000000,0.00318000,134.69551440,1704067417327,False
27173004,42357.14000000,0.00015000,6.35357100,1704067417327,False
27173005,42357.14000000,0.00050000,21.17857000,1704067417327,False
27173006,42370.00000000,0.00033000,13.98210000,1704067417327,False
27173007,42370.12000000,0.00004000,1.69480480,1704067417327,False
27173008,42371.86000000,0.00049000,20.76221140,1704067417327,False
27173009,42374.43000000,0.00082000,34.74703260,1704067417327,False
27173010,42374.99000000,0.06659000,2821.75058410,1704067417327,False
27173011,42375.00000000,0.00048000,20.34000000,1704067417327,False
27173012,42378.76000000,0.04216000,1786.68852160,1704067417327,False
27173013,42369.98000000,0.00035000,14.82949300,1704067419852,False
27173014,42378.75000000,0.00006000,2.54272500,1704067419852,False
27173015,42378.76000000,0.01459000,618.30610840,1704067419852,False
27173016,42378.75000000,0.00006000,2.54272500,1704067424066,False
27173017,42339.01000000,0.00006000,2.54034060,1704067436817,True
27173018,42339.00000000,0.00118000,49.96002000,1704067436817,True
27173019,42338.87000000,0.00464000,196.45235680,1704067436817,True
27173020,42340.08000000,0.00030000,12.70202400,1704067440103,True
27173021,42373.39000000,0.00100000,42.37339000,1704067445527,False
27173022,42378.75000000,0.00211000,89.41916250,1704067446527,False
27173023,42379.31000000,0.00125000,52.97413750,1704067447527,False
27173024,42379.58000000,0.00040000,16.95183200,1704067449461,False
27173025,42379.31000000,0.00096000,40.68413760,1704067450173,True
27173026,42384.45000000,0.01460000,618.81297000,1704067453810,False
27173027,42389.03000000,0.00021000,8.90169630,1704067455118,False
27173028,42379.31000000,0.00003000,1.27137930,1704067455710,True
27173029,42391.16000000,0.00094000,39.84769040,1704067457617,False
27173030,42379.31000000,0.00014000,5.93310340,1704067471181,True
27173031,42366.62000000,0.00025000,10.59165500,1704067471181,True
27173032,42366.62000000,0.00264000,111.84787680,1704067472846,True
27173033,42366.62000000,0.00748000,316.90231760,1704067473367,True
27173034,42391.17000000,0.00100000,42.39117000,1704067488088,False
27173035,42391.18000000,0.00029000,12.29344220,1704067488088,False
27173036,42391.68000000,0.00019000,8.05441920,1704067488088,False
27173037,42392.33000000,0.00353000,149.64492490,1704067488088,False
27173038,42394.18000000,0.00037000,15.68584660,1704067488088,False
27173039,42394.73000000,0.00462000,195.86365260,1704067488088,False
27173040,42394.72000000,0.00529000,224.26806880,1704067489144,False
27173041,42394.73000000,0.00445000,188.65654850,1704067489144,False
27173042,42398.18000000,0.00035000,14.83936300,1704067489144,False
27173043,42400.00000000,0.00020000,8.48000000,1704067489144,False
27173044,42400.00000000,0.00100000,42.40000000,1704067489144,False
27173045,42400.01000000,0.00100000,42.40001000,1704067489144,False
27173046,42400.02000000,0.00100000,42.40002000,1704067489144,False
27173047,42400.23000000,0.01873000,794.15630790,1704067489144,False
27173048,42400.24000000,0.01468000,622.43552320,1704067489144,False
27173049,42400.71000000,0.00003000,1.27202130,1704067489144,False
27173050,42401.10000000,0.00400000,169.60440000,1704067489144,False
27173051,42401.10000000,0.00200000,84.80220000,1704067489144,False
27173052,42401.80000000,0.01866000,791.21758800,1704067489144,False
27173053,42402.07000000,0.00291000,123.39002370,1704067489144,False
27173054,42403.63000000,0.00318000,134.84354340,1704067489144,False
27173055,42404.00000000,0.00045000,19.08180000,1704067489144,False
27173056,42405.72000000,0.01476000,625.90842720,1704067489144,False
27173057,42408.74000000,0.00012000,5.08904880,1704067489144,False
27173058,42408.77000000,0.00008000,3.39270160,1704067489144,False
27173059,42411.70000000,0.00400000,169.64680000,1704067489144,False
27173060,42411.70000000,0.00200000,84.82340000,1704067489144,False
27173061,42415.39000000,0.01574000,667.61823860,1704067489144,False
27173062,42415.37000000,0.00113000,47.92936810,1704067490380,False
27173063,42415.34000000,0.00045000,19.08690300,1704067493488,False
27173064,42415.34000000,0.00044000,18.66274960,1704067493872,False
27173065,42371.83000000,0.00158000,66.94749140,1704067500036,True
27173066,42371.83000000,0.00100000,42.37183000,1704067500036,True
27173067,42371.83000000,0.00039000,16.52501370,1704067500102,True
27173068,42371.83000000,0.00226000,95.76033580,1704067507424,False
27173069,42372.83000000,0.00024000,10.16947920,1704067507909,True
27173070,42372.84000000,0.00010000,4.23728400,1704067508851,True
27173071,42411.25000000,0.00010000,4.24112500,1704067510648,False
27173072,42411.26000000,0.07593000,3220.28697180,1704067510648,False
27173073,42411.26000000,0.00707000,299.84760820,1704067510648,False
27173074,42411.33000000,0.05099000,2162.55371670,1704067510648,False
27173075,42411.71000000,0.06267000,2657.94186570,1704067510648,False
27173076,42415.34000000,0.00269000,114.09726460,1704067510648,False
27173077,42417.23000000,0.00836000,354.60804280,1704067510648,False
27173078,42392.23000000,0.00113000,47.90321990,1704067516250,False
27173079,42392.23000000,0.00024000,10.17413520,1704067518754,False
27173080,42392.22000000,0.00100000,42.39222000,1704067520054,False
27173081,42392.23000000,0.06911000,2929.72701530,1704067521097,False
27173082,42392.23000000,0.00090000,38.15300700,1704067525650,True
27173083,42392.23000000,0.00023000,9.75021290,1704067545010,True
27173084,42392.23000000,0.00093000,39.42477390,1704067545010,True
27173085,42411.32000000,0.00004000,1.69645280,1704067549057,False
27173086,42417.23000000,0.04597000,1949.92006310,1704067549620,False
27173087,42417.23000000,0.00707000,299.88981610,1704067549620,False
27173088,42417.79000000,0.00031000,13.14951490,1704067550602,False
27173089,42418.37000000,0.00025000,10.60459250,1704067550602,False
27173090,42418.37000000,0.00009000,3.81765330,1704067550602,False
27173091,42419.51000000,0.00003000,1.27258530,1704067550602,False
27173092,42420.00000000,0.00020000,8.48400000,1704067550602,False
27173093,42422.30000000,0.00400000,169.68920000,1704067550602,False
27173094,42422.30000000,0.00200000,84.84460000,1704067550602,False
27173095,42422.90000000,0.00014000,5.93920600,1704067550602,False
27173096,42423.15000000,0.08042000,3411.66972300,1704067550602,False
27173097,42424.14000000,0.00792000,335.99918880,1704067550602,False
27173098,42425.00000000,0.00050000,21.21250000,1704067550602,False
27173099,42425.32000000,0.00059000,25.03093880,1704067550602,False
27173100,42425.76000000,0.01811000,768.33051360,1704067550602,False
27173101,42425.73000000,0.00057000,24.18266610,1704067553413,False
27173102,42425.73000000,0.00134000,56.85047820,1704067553742,False
27173103,42425.73000000,0.00012000,5.09108760,1704067554288,False
27173104,42392.46000000,0.00019000,8.05456740,1704067560107,True
27173105,42425.73000000,0.00047000,19.94009310,1704067560245,False
27173106,42392.46000000,0.00880000,373.05364800,1704067564286,True
27173107,42392.23000000,0.00020000,8.47844600,1704067564286,True
27173108,42385.89000000,0.00558000,236.51326620,1704067564286,True
27173109,42385.88000000,0.00679000,287.80012520,1704067564286,True
27173110,42385.87000000,0.00619000,262.36853530,1704067564286,True
27173111,42385.86000000,0.01744000,739.20939840,1704067564286,True
27173112,42386.54000000,0.00339000,143.69037060,1704067571509,True
27173113,42390.37000000,0.00108000,45.78159960,1704067580890,True
27173114,42391.22000000,0.00046000,19.49996120,1704067586356,True
27173115,42393.77000000,0.00024000,10.17450480,1704067652932,True
27173116,42425.07000000,0.04255000,1805.18672850,1704067654463,False
27173117,42425.08000000,0.00070000,29.69755600,1704067654463,False
27173118,42425.08000000,0.00339000,143.82102120,1704067654463,False
27173119,42425.10000000,0.00100000,42.42510000,1704067654463,False
27173120,42425.71000000,0.00003000,1.27277130,1704067654463,False
27173121,42425.76000000,0.00999000,423.83334240,1704067654463,False
27173122,42427.14000000,0.00049000,20.78929860,1704067654463,False
27173123,42427.16000000,0.02840000,1204.93134400,1704067654463,False
27173124,42427.53000000,0.00071000,30.12354630,1704067654463,False
27173125,42428.08000000,0.00095000,40.30667600,1704067654463,False
27173126,42428.83000000,0.00197000,83.58479510,1704067654463,False
27173127,42433.92000000,0.00200000,84.86784000,1704067654463,False
27173128,42433.92000000,0.00400000,169.73568000,1704067654463,False
27173129,42436.14000000,0.00352000,149.37521280,1704067654463,False
27173130,42436.19000000,0.00023000,9.76032370,1704067654463,False
27173131,42438.21000000,0.00037000,15.70213770,1704067654463,False
27173132,42442.39000000,0.00006000,2.54654340,1704067654463,False
27173133,42444.00000000,0.00020000,8.48880000,1704067654463,False
27173134,42445.06000000,0.00438000,185.90936280,1704067654463,False
27173135,42447.29000000,0.00960000,407.49398400,1704067654463,False
27173136,42445.83000000,0.00003000,1.27337490,1704067658405,False
27173137,42445.49000000,0.00012000,5.09345880,1704067659538,False
27173138,42445.49000000,0.00006000,2.54672940,1704067659791,False
27173139,42445.48000000,0.00003000,1.27336440,1704067660731,False
27173140,42445.46000000,0.00003000,1.27336380,1704067663252,False
27173141,42440.00000000,0.00082000,34.80080000,1704067664421,True
27173142,42440.00000000,0.00003000,1.27320000,1704067665655,True
27173143,42440.00000000,0.00003000,1.27320000,1704067667988,True
27173144,42397.99000000,0.00560000,237.42874400,1704067668661,True
27173145,42398.02000000,0.00004000,1.69592080,1704067671162,True
27173146,42399.09000000,0.00010000,4.23990900,1704067680113,True
27173147,42400.90000000,0.01556000,659.75800400,1704067684417,True
27173148,42400.93000000,0.00089000,37.73682770,1704067685668,True
27173149,42400.93000000,0.00003000,1.27202790,1704067688954,True
27173150,42399.11000000,0.00006000,2.54394660,1704067688954,True
27173151,42399.14000000,0.00006000,2.54394840,1704067690025,True
27173152,42399.17000000,0.00004000,1.69596680,1704067692063,True
27173153,42399.17000000,0.00560000,237.43535200,1704067697762,True
27173154,42401.02000000,0.00560000,237.44571200,1704067722063,True
27173155,42426.99000000,0.00099000,42.00272010,1704067723639,False
27173156,42426.99000000,0.00707000,299.95881930,1704067723639,False
27173157,42426.99000000,0.00649000,275.35116510,1704067723639,False
27173158,42427.00000000,0.00800000,339.41600000,1704067723639,False
27173159,42427.07000000,0.00614000,260.50220980,1704067723639,False
27173160,42427.21000000,0.00639000,271.10987190,1704067723639,False
27173161,42432.53000000,0.07511000,3187.10732830,1704067723639,False
27173162,42439.50000000,0.00434000,184.18743000,1704067723639,False
27173163,42439.48000000,0.00003000,1.27318440,1704067724223,False
27173164,42401.11000000,0.00008000,3.39208880,1704067724972,True
27173165,42401.75000000,0.00003000,1.27205250,1704067739387,True
27173166,42401.78000000,0.00047000,19.92883660,1704067740235,True
27173167,42401.92000000,0.00036000,15.26469120,1704067755229,True
27173168,42439.23000000,0.00044000,18.67326120,1704067773764,False
27173169,42439.23000000,0.00253000,107.37125190,1704067773764,False
27173170,42439.22000000,0.00003000,1.27317660,1704067775287,False
27173171,42439.17000000,0.00003000,1.27317510,1704067777856,False
27173172,42421.19000000,0.00003000,1.27263570,1704067780310,False
27173173,42421.19000000,0.00707000,299.91781330,1704067780339,False
27173174,42421.20000000,0.00124000,52.60228800,1704067780339,False
27173175,42421.18000000,0.00003000,1.27263540,1704067782615,False
27173176,42421.18000000,0.00277000,117.50666860,1704067783772,False
27173177,42421.19000000,0.00800000,339.36952000,1704067783772,False
27173178,42421.20000000,0.10378000,4402.47213600,1704067783772,False
27173179,42421.19000000,0.00003000,1.27263570,1704067784792,False
27173180,42421.18000000,0.00003000,1.27263540,1704067787128,False
27173181,42421.18000000,0.00003000,1.27263540,1704067789713,False
27173182,42421.18000000,0.00003000,1.27263540,1704067792264,False
27173183,42421.18000000,0.00003000,1.27263540,1704067794694,False
27173184,42421.18000000,0.00003000,1.27263540,1704067796999,False
27173185,42407.99000000,0.00006000,2.54447940,1704067797017,True
27173186,42407.99000000,0.00004000,1.69631960,1704067798392,True
27173187,42407.99000000,0.00003000,1.27223970,1704067800733,True
27173188,42407.99000000,0.00008000,3.39263920,1704067802666,True
27173189,42407.99000000,0.00179000,75.91030210,1704067803328,True
27173190,42407.99000000,0.00003000,1.27223970,1704067803328,True
27173191,42407.99000000,0.00003000,1.27223970,1704067803328,True
27173192,42407.99000000,0.00741000,314.24320590,1704067803332,False
27173193,42407.99000000,0.00008000,3.39263920,1704067805671,False
27173194,42408.00000000,0.00297000,125.95176000,1704067806926,True
27173195,42408.00000000,0.00712000,301.94496000,1704067806926,True
27173196,42408.00000000,0.00004000,1.69632000,1704067807033,True
27173197,42421.18000000,0.00082000,34.78536760,1704067809742,False
27173198,42421.18000000,0.00005000,2.12105900,1704067809742,False
27173199,42421.18000000,0.00004000,1.69684720,1704067809742,False
27173200,42421.19000000,0.00010000,4.24211900,1704067813394,True
27173201,42421.19000000,0.00006000,2.54527140,1704067816293,True
27173202,42439.53000000,0.00800000,339.51624000,1704067820219,False
27173203,42439.53000000,0.00851000,361.16040030,1704067820219,False
27173204,42439.54000000,0.00416000,176.54848640,1704067820219,False
27173205,42439.53000000,0.00003000,1.27318590,1704067820824,False
27173206,42421.19000000,0.00003000,1.27263570,1704067821252,True
27173207,42421.19000000,0.00620000,263.01137800,1704067821252,True
27173208,42439.53000000,0.00003000,1.27318590,1704067821578,False
27173209,42445.44000000,0.00800000,339.56352000,1704067823505,False
27173210,42445.45000000,0.00200000,84.89090000,1704067823505,False
27173211,42439.53000000,0.00003000,1.27318590,1704067823855,True
27173212,42439.53000000,0.00008000,3.39516240,1704067824388,True
27173213,42445.45000000,0.02189000,929.13090050,1704067825306,False
27173214,42449.01000000,0.00057000,24.19593570,1704067827364,False
27173215,42445.45000000,0.00003000,1.27336350,1704067833040,True
27173216,42444.28000000,0.00466000,197.79034480,1704067833040,True
27173217,42444.28000000,0.00003000,1.27332840,1704067834721,True
27173218,42444.29000000,0.00280000,118.84401200,1704067852723,True
27173219,42444.29000000,0.00706000,299.65668740,1704067852723,True
27173220,42444.28000000,0.00003000,1.27332840,1704067852723,True
27173221,42444.28000000,0.00003000,1.27332840,1704067852723,True
27173222,42444.28000000,0.00003000,1.27332840,1704067852723,True
27173223,42444.28000000,0.00003000,1.27332840,1704067852723,True
27173224,42444.28000000,0.00003000,1.27332840,1704067852723,True
27173225,42444.28000000,0.00003000,1.27332840,1704067852723,True
27173226,42444.28000000,0.00800000,339.55424000,1704067852723,True
27173227,42444.28000000,0.00003000,1.27332840,1704067852723,True
27173228,42444.27000000,0.04000000,1697.77080000,1704067852723,True
27173229,42417.72000000,0.10720000,4547.17958400,1704067852723,True
27173230,42444.28000000,0.00012000,5.09331360,1704067854552,False
27173231,42449.99000000,0.00094000,39.90299060,1704067854552,False
27173232,42449.99000000,0.00706000,299.69692940,1704067854552,False
27173233,42450.00000000,0.00100000,42.45000000,1704067854552,False
27173234,42450.00000000,0.00300000,127.35000000,1704067854552,False
27173235,42450.19000000,0.00800000,339.60152000,1704067854552,False
27173236,42450.22000000,0.09437000,4006.02726140,1704067854552,False
27173237,42417.80000000,0.00534000,226.51105200,1704067855427,True
27173238,42450.22000000,0.00706000,299.69855320,1704067856415,False
27173239,42450.22000000,0.00006000,2.54701320,1704067856415,False
27173240,42450.23000000,0.00288000,122.25666240,1704067856415,False
27173241,42419.22000000,0.00024000,10.18061280,1704067857371,True
27173242,42450.23000000,0.00030000,12.73506900,1704067857993,False
27173243,42450.23000000,0.00003000,1.27350690,1704067857993,False
27173244,42421.28000000,0.00020000,8.48425600,1704067860114,True
27173245,42425.47000000,0.00035000,14.84891450,1704067871293,True
27173246,42426.82000000,0.00800000,339.41456000,1704067872809,True
27173247,42426.82000000,0.00706000,299.53334920,1704067872809,True
27173248,42426.81000000,0.02237000,949.08773970,1704067872809,True
27173249,42426.86000000,0.00035000,14.84940100,1704067874356,True
27173250,42426.86000000,0.00035000,14.84940100,1704067874408,True
27173251,42426.86000000,0.00035000,14.84940100,1704067874409,True
27173252,42426.87000000,0.00035000,14.84940450,1704067874430,True
27173253,42426.88000000,0.00035000,14.84940800,1704067874454,True
27173254,42426.88000000,0.00035000,14.84940800,1704067874457,True
27173255,42451.38000000,0.00003000,1.27354140,1704067877657,False
27173256,42452.00000000,0.00564000,239.42928000,1704067878336,False
27173257,42452.00000000,0.00143000,60.70636000,1704067879112,False
27173258,42454.82000000,0.00094000,39.90753080,1704067880900,False
27173259,42452.00000000,0.00003000,1.27356000,1704067881310,True
27173260,42434.18000000,0.00032000,13.57893760,1704067881310,True
27173261,42434.18000000,0.00035000,14.85196300,1704067881407,True
27173262,42434.20000000,0.00035000,14.85197000,1704067881619,True
27173263,42452.00000000,0.00082000,34.81064000,1704067882074,False
27173264,42434.24000000,0.00003000,1.27302720,1704067882856,True
27173265,42457.40000000,0.00052000,22.07784800,1704067883075,False
27173266,42460.34000000,0.00015000,6.36905100,1704067883077,False
27173267,42461.01000000,0.00037000,15.71057370,1704067883077,False
27173268,42461.01000000,0.00003000,1.27383030,1704067885228,False
27173269,42452.01000000,0.00035000,14.85820350,1704067885562,True
27173270,42452.01000000,0.00035000,14.85820350,1704067885664,True
27173271,42452.01000000,0.00035000,14.85820350,1704067885793,True
27173272,42461.00000000,0.00092000,39.06412000,1704067886250,False
27173273,42461.01000000,0.00002000,0.84922020,1704067886250,False
27173274,42452.01000000,0.00003000,1.27356030,1704067886409,True
27173275,42461.01000000,0.00017000,7.21837170,1704067886470,False
27173276,42461.01000000,0.00003000,1.27383030,1704067887501,False
27173277,42461.01000000,0.00003000,1.27383030,1704067890095,False
27173278,42461.01000000,0.00024000,10.19064240,1704067890475,False
27173279,42461.01000000,0.00091000,38.63951910,1704067891096,False
27173280,42461.01000000,0.00003000,1.27383030,1704067892565,False
27173281,42461.01000000,0.00003000,1.27383030,1704067895171,False
27173282,42461.01000000,0.00003000,1.27383030,1704067896894,False
27173283,42461.01000000,0.00003000,1.27383030,1704067896894,False
27173284,42461.01000000,0.00003000,1.27383030,1704067896894,False
27173285,42461.01000000,0.00003000,1.27383030,1704067896894,False
27173286,42452.04000000,0.00035000,14.85821400,1704067896959,True
27173287,42461.02000000,0.04240000,1800.34724800,1704067897023,False
27173288,42461.53000000,0.00010000,4.24615300,1704067897023,False
27173289,42464.32000000,0.00041000,17.41037120,1704067897023,False
27173290,42452.11000000,0.00003000,1.27356330,1704067898793,True
27173291,42473.04000000,0.00045000,19.11286800,1704067903864,False
27173292,42473.90000000,0.00001000,0.42473900,1704067903864,False
27173293,42473.90000000,0.00003000,1.27421700,1704067904664,False
27173294,42473.90000000,0.00006000,2.54843400,1704067906299,False
27173295,42475.00000000,0.00082000,34.82950000,1704067907325,False
27173296,42476.86000000,0.00055000,23.36227300,1704067907349,False
27173297,42478.16000000,0.00021000,8.92041360,1704067907349,False
27173298,42478.97000000,0.00011000,4.67268670,1704067907349,False
27173299,42479.03000000,0.00045000,19.11556350,1704067907349,False
27173300,42479.03000000,0.00044000,18.69077320,1704067907349,False
27173301,42480.00000000,0.00033000,14.01840000,1704067907349,False
27173302,42480.00000000,0.00114000,48.42720000,1704067907349,False
27173303,42480.01000000,0.00352000,149.52963520,1704067907349,False
27173304,42481.14000000,0.00005000,2.12405700,1704067907349,False
27173305,42481.90000000,0.00059000,25.06432100,1704067907349,False
27173306,42482.16000000,0.00261000,110.87843760,1704067907349,False
27173307,42473.90000000,0.00003000,1.27421700,1704067908447,True
27173308,42452.30000000,0.00001000,0.42452300,1704067908447,True
27173309,42482.16000000,0.00003000,1.27446480,1704067908998,False
27173310,42482.28000000,0.00033000,14.01915240,1704067908998,False
27173311,42452.34000000,0.00024000,10.18856160,1704067910020,True
27173312,42482.28000000,0.00004000,1.69929120,1704067912160,False
27173313,42482.28000000,0.00003000,1.27446840,1704067912160,False
27173314,42482.41000000,0.00037000,15.71849170,1704067912160,False
27173315,42482.41000000,0.00003000,1.27447230,1704067914064,False
27173316,42482.41000000,0.00009000,3.82341690,1704067914803,False
27173317,42482.41000000,0.00003000,1.27447230,1704067914803,False
27173318,42483.47000000,0.00033000,14.01954510,1704067914803,False
27173319,42483.47000000,0.00266000,113.00603020,1704067915422,False
27173320,42485.00000000,0.00048000,20.39280000,1704067915422,False
27173321,42487.80000000,0.00090000,38.23902000,1704067915422,False
27173322,42489.44000000,0.00057000,24.21898080,1704067915422,False
27173323,42489.44000000,0.00134000,56.93584960,1704067915422,False
27173324,42489.44000000,0.00012000,5.09873280,1704067915422,False
27173325,42489.57000000,0.00010000,4.24895700,1704067915422,False
27173326,42489.65000000,0.00010000,4.24896500,1704067915422,False
27173327,42493.31000000,0.00863000,366.71726530,1704067915422,False
27173328,42493.32000000,0.00800000,339.94656000,1704067915422,False
27173329,42493.39000000,0.00242000,102.83400380,1704067915422,False
27173330,42493.40000000,0.08906000,3784.46220400,1704067915422,False
27173331,42493.38000000,0.00003000,1.27480140,1704067916498,False
27173332,42493.35000000,0.00003000,1.27480050,1704067918838,False
27173333,42452.55000000,0.00030000,12.73576500,1704067920105,True
27173334,42493.34000000,0.00134000,56.94107560,1704067920128,False
27173335,42493.34000000,0.00012000,5.09920080,1704067920201,False
27173336,42493.34000000,0.00047000,19.97186980,1704067920237,False
27173337,42493.34000000,0.00057000,24.22120380,1704067920485,False
27173338,42493.33000000,0.00003000,1.27479990,1704067921085,False
27173339,42493.30000000,0.00231000,98.15952300,1704067922548,False
27173340,42493.30000000,0.00003000,1.27479900,1704067923513,False
27173341,42493.26000000,0.00003000,1.27479780,1704067925871,False
27173342,42493.23000000,0.00003000,1.27479690,1704067928340,False
27173343,42493.23000000,0.00003000,1.27479690,1704067930847,True
27173344,42493.21000000,0.00226000,96.03465460,1704067933011,False
27173345,42493.21000000,0.00003000,1.27479630,1704067933188,False
27173346,42493.19000000,0.00014000,5.94904660,1704067935776,False
27173347,42493.19000000,0.00003000,1.27479570,1704067935794,False
27173348,42493.16000000,0.00003000,1.27479480,1704067938096,False
27173349,42493.14000000,0.00003000,1.27479420,1704067940531,False
27173350,42493.12000000,0.00003000,1.27479360,1704067943089,False
27173351,42489.48000000,0.00003000,1.27468440,1704067945519,False
27173352,42489.45000000,0.00003000,1.27468350,1704067948170,False
27173353,42489.44000000,0.00003000,1.27468320,1704067950342,False
27173354,42489.40000000,0.00003000,1.27468200,1704067952638,False
27173355,42489.40000000,0.00006000,2.54936400,1704067954030,False
27173356,42489.41000000,0.00018000,7.64809380,1704067954030,False
27173357,42489.40000000,0.00003000,1.27468200,1704067955078,False
27173358,42489.37000000,0.00003000,1.27468110,1704067957611,False
27173359,42489.34000000,0.00003000,1.27468020,1704067960294,False
27173360,42489.34000000,0.00003000,1.27468020,1704067962593,False
27173361,42489.34000000,0.00003000,1.27468020,1704067964804,False
27173362,42489.33000000,0.00003000,1.27467990,1704067967134,False
27173363,42489.30000000,0.00003000,1.27467900,1704067969612,False
27173364,42489.29000000,0.00020000,8.49785800,1704067970456,False
27173365,42489.25000000,0.00003000,1.27467750,1704067972317,False
27173366,42489.17000000,0.00003000,1.27467510,1704067981178,False
27173367,42489.15000000,0.01163000,494.14881450,1704067982687,False
27173368,42489.15000000,0.00706000,299.97339900,1704067982687,False
27173369,42489.25000000,0.00018000,7.64806500,1704067982687,False
27173370,42489.25000000,0.00009000,3.82403250,1704067982687,False
27173371,42489.25000000,0.00004000,1.69957000,1704067982687,False
27173372,42489.25000000,0.00400000,169.95700000,1704067982687,False
27173373,42489.26000000,0.04800000,2039.48448000,1704067982687,False
27173374,42489.27000000,0.04337000,1842.75963990,1704067982687,False
27173375,42489.17000000,0.00003000,1.27467510,1704067983693,False
27173376,42489.16000000,0.00003000,1.27467480,1704067986040,False
27173377,42489.14000000,0.00003000,1.27467420,1704067988354,False
27173378,42489.14000000,0.00003000,1.27467420,1704067990819,False
27173379,42447.90000000,0.00226000,95.93225400,1704067992871,True
27173380,42447.98000000,0.00010000,4.24479800,1704067997217,True
27173381,42448.02000000,0.00005000,2.12240100,1704067999091,True
27173382,42448.38000000,0.00017000,7.21622460,1704068008566,True
27173383,42448.47000000,0.00010000,4.24484700,1704068010698,True
27173384,42448.53000000,0.00005000,2.12242650,1704068012958,True
27173385,42448.56000000,0.00003000,1.27345680,1704068015198,True
27173386,42491.70000000,0.00033000,14.02226100,1704068022362,False
27173387,42491.70000000,0.00003000,1.27475100,1704068024333,False
27173388,42491.70000000,0.00003000,1.27475100,1704068026709,False
27173389,42491.70000000,0.00003000,1.27475100,1704068028949,False
27173390,42458.89000000,0.00020000,8.49177800,1704068030656,True
27173391,42459.18000000,0.00009000,3.82132620,1704068040105,True
27173392,42459.36000000,0.00006000,2.54756160,1704068045274,True
27173393,42491.70000000,0.00089000,37.81761300,1704068046554,False
27173394,42493.11000000,0.00022000,9.34848420,1704068046554,False
27173395,42493.12000000,0.01178000,500.56895360,1704068046554,False
27173396,42495.15000000,0.00063000,26.77194450,1704068046554,False
27173397,42496.64000000,0.00065000,27.62281600,1704068046554,False
27173398,42496.88000000,0.00317000,134.71510960,1704068046554,False
27173399,42499.99000000,0.00250000,106.24997500,1704068046554,False
27173400,42500.00000000,0.00942000,400.35000000,1704068046554,False
27173401,42500.00000000,0.00100000,42.50000000,1704068046554,False
27173402,42500.00000000,0.00907000,385.47500000,1704068046554,False
27173403,42500.00000000,0.00015000,6.37500000,1704068046554,False
27173404,42500.00000000,0.00050000,21.25000000,1704068046554,False
27173405,42500.00000000,0.00020000,8.50000000,1704068046554,False
27173406,42500.00000000,0.00235000,99.87500000,1704068046554,False
27173407,42500.01000000,0.00100000,42.50001000,1704068046554,False
27173408,42500.10000000,0.07083000,3010.28208300,1704068046554,False
27173409,42500.09000000,0.00003000,1.27500270,1704068048330,False
27173410,42459.50000000,0.00094000,39.91193000,1704068049161,True
27173411,42459.68000000,0.00003000,1.27379040,1704068058672,True
27173412,42459.68000000,0.00003000,1.27379040,1704068070233,True
27173413,42466.23000000,0.00003000,1.27398690,1704068094602,True
27173414,42466.44000000,0.00047000,19.95922680,1704068100241,True
27173415,42491.70000000,0.00087000,36.96777900,1704068100320,False
27173416,42500.83000000,0.00100000,42.50083000,1704068100320,False
27173417,42500.84000000,0.00048000,20.40040320,1704068100320,False
27173418,42500.83000000,0.00003000,1.27502490,1704068101788,False
27173419,42500.83000000,0.00003000,1.27502490,1704068108600,True
27173420,42500.83000000,0.00003000,1.27502490,1704068110688,True
27173421,42500.82000000,0.00003000,1.27502460,1704068111699,False
27173422,42500.81000000,0.00003000,1.27502430,1704068113930,False
27173423,42500.82000000,0.00004000,1.70003280,1704068116583,False
27173424,42469.20000000,0.00119000,50.53834800,1704068121200,True
27173425,42500.82000000,0.00003000,1.27502460,1704068122605,True
27173426,42469.25000000,0.00002000,0.84938500,1704068122605,True
27173427,42469.27000000,0.00005000,2.12346350,1704068123168,True
27173428,42469.32000000,0.00003000,1.27407960,1704068125019,True
27173429,42469.49000000,0.00004000,1.69877960,1704068130762,True
27173430,42502.11000000,0.00020000,8.50042200,1704068134045,False
27173431,42502.11000000,0.00003000,1.27506330,1704068135577,False
27173432,42502.11000000,0.00003000,1.27506330,1704068138135,False
27173433,42502.11000000,0.00003000,1.27506330,1704068140808,False
27173434,42502.11000000,0.00003000,1.27506330,1704068143106,False
27173435,42502.11000000,0.00003000,1.27506330,1704068145350,False
27173436,42502.11000000,0.00003000,1.27506330,1704068147689,False
27173437,42502.11000000,0.00047000,19.97599170,1704068149428,False
27173438,42502.11000000,0.00004000,1.70008440,1704068149428,False
27173439,42502.11000000,0.00004000,1.70008440,1704068149428,False
27173440,42502.11000000,0.00003000,1.27506330,1704068149428,False
27173441,42502.11000000,0.00003000,1.27506330,1704068149428,False
27173442,42502.11000000,0.00003000,1.27506330,1704068149428,False
27173443,42502.11000000,0.00003000,1.27506330,1704068149428,False
27173444,42502.12000000,0.00003000,1.27506360,1704068149428,False
27173445,42505.00000000,0.00930000,395.29650000,1704068149428,False
27173446,42505.00000000,0.01980000,841.59900000,1704068149445,False
27173447,42506.70000000,0.00118000,50.15790600,1704068149445,False
27173448,42509.00000000,0.00050000,21.25450000,1704068149445,False
27173449,42509.23000000,0.00006000,2.55055380,1704068149445,False
27173450,42509.23000000,0.00012000,5.10110760,1704068149445,False
27173451,42509.23000000,0.00003000,1.27527690,1704068150350,True
27173452,42506.66000000,0.00020000,8.50133200,1704068150461,False
27173453,42506.66000000,0.00123000,52.28319180,1704068150487,False
27173454,42489.45000000,0.00043000,18.27046350,1704068150625,True
27173455,42515.24000000,0.00035000,14.88033400,1704068151534,False
27173456,42489.45000000,0.00431000,183.12952950,1704068151546,True
27173457,42521.36000000,0.00020000,8.50427200,1704068152070,False
27173458,42489.47000000,0.00003000,1.27468410,1704068152808,True
27173459,42521.36000000,0.00003000,1.27564080,1704068152811,False
27173460,42521.36000000,0.00001000,0.42521360,1704068153512,False
27173461,42521.36000000,0.00009000,3.82692240,1704068154628,True
27173462,42521.36000000,0.00003000,1.27564080,1704068154934,True
27173463,42521.36000000,0.00006000,2.55128160,1704068156028,True
27173464,42521.36000000,0.00003000,1.27564080,1704068156028,True
27173465,42489.56000000,0.00800000,339.91648000,1704068157232,True
27173466,42489.56000000,0.00705000,299.55139800,1704068157232,True
27173467,42489.55000000,0.00272000,115.57157600,1704068157232,True
27173468,42489.65000000,0.00030000,12.74689500,1704068160095,True
27173469,42521.35000000,0.00705000,299.77551750,1704068160516,False
27173470,42521.36000000,0.00003000,1.27564080,1704068160516,False
27173471,42523.40000000,0.00029000,12.33178600,1704068161823,False
27173472,42523.91000000,0.00352000,149.68416320,1704068161823,False
27173473,42523.91000000,0.00619000,263.22300290,1704068161823,False
27173474,42523.91000000,0.00034000,14.45812940,1704068161956,False
27173475,42523.91000000,0.00003000,1.27571730,1704068162370,False
27173476,42523.91000000,0.00049000,20.83671590,1704068162828,False
27173477,42524.76000000,0.00094000,39.97327440,1704068162828,False
27173478,42526.40000000,0.00037000,15.73476800,1704068164030,False
27173479,42526.40000000,0.00003000,1.27579200,1704068166189,False
27173480,42526.40000000,0.00003000,1.27579200,1704068167641,True
27173481,42491.53000000,0.00002000,0.84983060,1704068167641,True
27173482,42526.40000000,0.00003000,1.27579200,1704068167932,False
27173483,42530.60000000,0.00094000,39.97876400,1704068171595,False
27173484,42530.60000000,0.00225000,95.69385000,1704068172429,False
27173485,42526.40000000,0.00003000,1.27579200,1704068172643,True
27173486,42526.40000000,0.00003000,1.27579200,1704068172643,True
27173487,42491.64000000,0.00001000,0.42491640,1704068172643,True
27173488,42491.69000000,0.00004000,1.69966760,1704068174014,True
27173489,42491.74000000,0.00225000,95.60641500,1704068175949,True
27173490,42492.67000000,0.00102000,43.34252340,1704068181000,True
27173491,42530.99000000,0.00084000,35.72603160,1704068190168,False
27173492,42531.00000000,0.00114000,48.48534000,1704068190168,False
27173493,42499.25000000,0.00047000,19.97464750,1704068190635,True
27173494,42531.00000000,0.00003000,1.27593000,1704068191135,True
27173495,42531.00000000,0.00044000,18.71364000,1704068191135,True
27173496,42533.51000000,0.00082000,34.87747820,1704068191263,False
27173497,42535.80000000,0.00071000,30.20041800,1704068191263,False
27173498,42535.91000000,0.00099000,42.11055090,1704068191263,False
27173499,42531.00000000,0.00004000,1.70124000,1704068191575,True
27173500,42531.00000000,0.00008000,3.40248000,1704068191654,True
27173501,42531.00000000,0.00890000,378.52590000,1704068193243,True
27173502,42531.00000000,0.00003000,1.27593000,1704068194388,True
27173503,42501.11000000,0.00017000,7.22518870,1704068194388,True
27173504,42501.16000000,0.00004000,1.70004640,1704068195962,True
27173505,42501.33000000,0.00028000,11.90037240,1704068200749,True
27173506,42537.69000000,0.00049000,20.84346810,1704068203056,False
27173507,42542.08000000,0.00045000,19.14393600,1704068203056,False
27173508,42507.86000000,0.00003000,1.27523580,1704068203922,True
27173509,42543.58000000,0.00317000,134.86314860,1704068204402,False
27173510,42545.07000000,0.00031000,13.18897170,1704068204402,False
27173511,42546.04000000,0.00025000,10.63651000,1704068204402,False
27173512,42546.18000000,0.00044000,18.72031920,1704068204402,False
27173513,42546.98000000,0.00045000,19.14614100,1704068204402,False
27173514,42547.99000000,0.00538000,228.90818620,1704068204402,False
27173515,42547.99000000,0.00003000,1.27643970,1704068205476,False
27173516,42547.99000000,0.00300000,127.64397000,1704068205677,False
27173517,42548.00000000,0.00700000,297.83600000,1704068205677,False
27173518,42548.00000000,0.15828000,6734.49744000,1704068206677,False
27173519,42549.22000000,0.00010000,4.25492200,1704068206677,False
27173520,42550.00000000,0.00100000,42.55000000,1704068206677,False
27173521,42551.21000000,0.00009000,3.82960890,1704068206677,False
27173522,42551.21000000,0.00003000,1.27653630,1704068208093,True
27173523,42552.90000000,0.00045000,19.14880500,1704068208320,False
27173524,42552.90000000,0.00044000,18.72327600,1704068208323,False
27173525,42552.90000000,0.00003000,1.27658700,1704068210735,True
27173526,42515.81000000,0.00017000,7.22768770,1704068210735,True
27173527,42515.87000000,0.00003000,1.27547610,1704068213353,True
27173528,42552.89000000,0.00004000,1.70211560,1704068215928,False
27173529,42552.89000000,0.00003000,1.27658670,1704068217602,False
27173530,42516.03000000,0.00020000,8.50320600,1704068220118,True
27173531,42552.88000000,0.00003000,1.27658640,1704068220130,False
27173532,42552.87000000,0.00003000,1.27658610,1704068222572,False
27173533,42552.87000000,0.00003000,1.27658610,1704068225129,False
27173534,42552.49000000,0.00003000,1.27657470,1704068227569,False
27173535,42552.48000000,0.00003000,1.27657440,1704068229862,False
27173536,42552.48000000,0.00130000,55.31822400,1704068230715,False
27173537,42552.48000000,0.00098000,41.70143040,1704068232349,False
27173538,42552.48000000,0.00127000,54.04164960,1704068232349,False
27173539,42552.48000000,0.00003000,1.27657440,1704068232413,False
27173540,42552.48000000,0.00003000,1.27657440,1704068234713,True
27173541,42543.88000000,0.00003000,1.27631640,1704068237173,False
27173542,42543.88000000,0.00003000,1.27631640,1704068239773,True
27173543,42543.87000000,0.00003000,1.27631610,1704068242387,False
27173544,42542.87000000,0.00003000,1.27628610,1704068244873,False
27173545,42542.86000000,0.00003000,1.27628580,1704068247207,False
27173546,42542.85000000,0.00003000,1.27628550,1704068249376,False
27173547,42529.88000000,0.00003000,1.27589640,1704068251676,False
27173548,42529.87000000,0.00003000,1.27589610,1704068254192,False
27173549,42529.86000000,0.00003000,1.27589580,1704068256640,False
27173550,42529.86000000,0.00003000,1.27589580,1704068259190,False
27173551,42529.86000000,0.00003000,1.27589580,1704068261671,True
27173552,42529.87000000,0.00042000,17.86254540,1704068263555,False
27173553,42529.85000000,0.00003000,1.27589550,1704068264016,False
27173554,42529.85000000,0.00020000,8.50597000,1704068264058,False
27173555,42529.84000000,0.00003000,1.27589520,1704068266711,False
27173556,42529.83000000,0.00003000,1.27589490,1704068269048,False
27173557,42500.00000000,0.00018000,7.65000000,1704068269279,True
27173558,42500.00000000,0.00021000,8.92500000,1704068269959,True
27173559,42528.85000000,0.00020000,8.50577000,1704068270495,False
27173560,42528.84000000,0.00018000,7.65519120,1704068271360,False
27173561,42528.84000000,0.00003000,1.27586520,1704068271454,False
27173562,42528.85000000,0.00017000,7.22990450,1704068272008,False
27173563,42528.85000000,0.00003000,1.27586550,1704068273975,False
27173564,42528.85000000,0.00029000,12.33336650,1704068276055,False
27173565,42528.84000000,0.00003000,1.27586520,1704068276514,False
27173566,42500.00000000,0.00061000,25.92500000,1704068277276,True
27173567,42500.00000000,0.00058000,24.65000000,1704068277276,True
27173568,42528.85000000,0.00047000,19.98855950,1704068280240,False
27173569,42519.10000000,0.00003000,1.27557300,1704068281378,False
27173570,42519.08000000,0.00003000,1.27557240,1704068283560,False
27173571,42519.08000000,0.00003000,1.27557240,1704068285916,False
27173572,42496.88000000,0.00231000,98.16779280,1704068286125,True
27173573,42496.88000000,0.00004000,1.69987520,1704068288795,True
27173574,42496.88000000,0.00008000,3.39975040,1704068291241,True
27173575,42496.88000000,0.00008000,3.39975040,1704068293446,True
27173576,42496.88000000,0.00066000,28.04794080,1704068294619,True
27173577,42496.88000000,0.00928000,394.37104640,1704068294619,True
27173578,42496.88000000,0.00003000,1.27490640,1704068294619,True
27173579,42496.88000000,0.00003000,1.27490640,1704068294619,True
27173580,42496.88000000,0.00003000,1.27490640,1704068294619,True
27173581,42498.80000000,0.00015000,6.37482000,1704068295357,False
27173582,42498.80000000,0.00003000,1.27496400,1704068295909,False
27173583,42498.77000000,0.00003000,1.27496310,1704068298091,False
27173584,42498.77000000,0.00003000,1.27496310,1704068300378,False
27173585,42498.77000000,0.00003000,1.27496310,1704068302969,False
27173586,42498.77000000,0.00003000,1.27496310,1704068305491,False
27173587,42498.77000000,0.00003000,1.27496310,1704068307953,False
27173588,42498.77000000,0.00003000,1.27496310,1704068310307,False
27173589,42498.77000000,0.00003000,1.27496310,1704068312505,False
27173590,42498.76000000,0.00003000,1.27496280,1704068315026,False
27173591,42498.76000000,0.00003000,1.27496280,1704068317350,False
27173592,42498.76000000,0.00003000,1.27496280,1704068319807,False
27173593,42483.05000000,0.00020000,8.49661000,1704068324039,True
27173594,42494.80000000,0.00003000,1.27484400,1704068324859,False
27173595,42494.80000000,0.00234000,99.43783200,1704068325267,False
27173596,42483.05000000,0.00062000,26.33949100,1704068325549,True
27173597,42483.05000000,0.00003000,1.27449150,1704068325549,True
27173598,42482.41000000,0.00049000,20.81638090,1704068325549,True
27173599,42482.28000000,0.00037000,15.71844360,1704068325549,True
27173600,42480.01000000,0.00089000,37.80720890,1704068325549,True
27173601,42480.01000000,0.00014000,5.94720140,1704068326901,True
27173602,42480.01000000,0.00028000,11.89440280,1704068328940,True
27173603,42480.01000000,0.00020000,8.49600200,1704068330594,True
27173604,42480.01000000,0.00014000,5.94720140,1704068330808,True
27173605,42480.01000000,0.00008000,3.39840080,1704068332700,True
27173606,42498.76000000,0.00035000,14.87456600,1704068333870,False
27173607,42494.49000000,0.00003000,1.27483470,1704068336461,False
27173608,42494.49000000,0.00003000,1.27483470,1704068339430,True
27173609,42494.49000000,0.00009000,3.82450410,1704068340113,False
27173610,42494.48000000,0.00003000,1.27483440,1704068341718,False
27173611,42480.01000000,0.00179000,76.03921790,1704068341945,True
27173612,42480.01000000,0.00003000,1.27440030,1704068341945,True
27173613,42480.01000000,0.00003000,1.27440030,1704068341945,True
27173614,42476.88000000,0.00030000,12.74306400,1704068341945,True
27173615,42473.04000000,0.00045000,19.11286800,1704068341945,True
27173616,42463.53000000,0.00185000,78.55753050,1704068341945,True
27173617,42463.53000000,0.00184000,78.13289520,1704068341945,True
27173618,42463.52000000,0.00017000,7.21879840,1704068341945,True
27173619,42451.38000000,0.00003000,1.27354140,1704068341945,True
27173620,42450.25000000,0.00800000,339.60200000,1704068341945,True
27173621,42450.24000000,0.19332000,8206.48039680,1704068341945,True
27173622,42454.45000000,0.00009000,3.82090050,1704068343811,True
27173623,42454.48000000,0.00005000,2.12272400,1704068345787,True
27173624,42454.64000000,0.00006000,2.54727840,1704068351705,True
27173625,42494.43000000,0.00020000,8.49888600,1704068352176,False
27173626,42454.65000000,0.00225000,95.52296250,1704068352247,True
27173627,42494.43000000,0.00013000,5.52427590,1704068352412,False
27173628,42494.42000000,0.00003000,1.27483260,1704068353997,False
27173629,42494.39000000,0.00003000,1.27483170,1704068356396,False
27173630,42494.35000000,0.00003000,1.27483050,1704068358651,False
27173631,42494.28000000,0.00003000,1.27482840,1704068360893,False
27173632,42490.37000000,0.00003000,1.27471110,1704068363549,False
27173633,42490.36000000,0.00003000,1.27471080,1704068366007,False
27173634,42490.33000000,0.00003000,1.27470990,1704068368584,False
27173635,42490.29000000,0.00003000,1.27470870,1704068371124,False
27173636,42490.28000000,0.00003000,1.27470840,1704068373529,False
27173637,42490.23000000,0.00003000,1.27470690,1704068376127,False
27173638,42487.08000000,0.00010000,4.24870800,1704068378010,False
27173639,42487.07000000,0.00003000,1.27461210,1704068378385,False
27173640,42487.01000000,0.00003000,1.27461030,1704068380619,False
27173641,42486.98000000,0.00020000,8.49739600,1704068382570,False
27173642,42486.98000000,0.00003000,1.27460940,1704068382982,False
27173643,42486.98000000,0.00056000,23.79270880,1704068383541,False
27173644,42486.96000000,0.00020000,8.49739200,1704068384240,False
27173645,42486.93000000,0.00011000,4.67356230,1704068385206,False
27173646,42486.93000000,0.00003000,1.27460790,1704068385493,False
27173647,42486.89000000,0.00061000,25.91700290,1704068388052,False
27173648,42486.89000000,0.00130000,55.23295700,1704068388052,False
27173649,42486.89000000,0.00003000,1.27460670,1704068388087,False
27173650,42486.85000000,0.00003000,1.27460550,1704068390501,False
27173651,42486.80000000,0.00003000,1.27460400,1704068392791,False
27173652,42486.77000000,0.00003000,1.27460310,1704068395011,False
27173653,42486.74000000,0.00012000,5.09840880,1704068396356,False
27173654,42486.72000000,0.00003000,1.27460160,1704068397367,False
27173655,42486.70000000,0.00020000,8.49734000,1704068398236,False
27173656,42486.66000000,0.00003000,1.27459980,1704068399881,False
27173657,42486.64000000,0.00009000,3.82379760,1704068400095,False
27173658,42486.60000000,0.00003000,1.27459800,1704068402534,False
27173659,42468.55000000,0.00044000,18.68616200,1704068404675,False
27173660,42468.55000000,0.00003000,1.27405650,1704068405093,False
27173661,42468.54000000,0.00003000,1.27405620,1704068407508,False
27173662,42459.54000000,0.00003000,1.27378620,1704068409773,False
27173663,42459.54000000,0.00231000,98.08153740,1704068410793,False
27173664,42459.54000000,0.01042000,442.42840680,1704068411620,False
27173665,42459.54000000,0.02802000,1189.71631080,1704068411620,False
27173666,42459.54000000,0.01151000,488.70930540,1704068411620,False
27173667,42459.54000000,0.00004000,1.69838160,1704068411620,False
27173668,42459.54000000,0.00008000,3.39676320,1704068413849,False
27173669,42459.54000000,0.00026000,11.03948040,1704068415673,False
27173670,42459.54000000,0.00007000,2.97216780,1704068420624,False
27173671,42468.53000000,0.00050000,21.23426500,1704068425604,False
27173672,42468.53000000,0.00003000,1.27405590,1704068426973,False
27173673,42468.53000000,0.00003000,1.27405590,1704068429202,False
27173674,42468.53000000,0.00003000,1.27405590,1704068431467,False
27173675,42468.53000000,0.00003000,1.27405590,1704068433889,False
27173676,42468.53000000,0.00003000,1.27405590,1704068436521,False
27173677,42468.52000000,0.00003000,1.27405560,1704068441517,False
27173678,42468.52000000,0.00003000,1.27405560,1704068443828,False
27173679,42450.57000000,0.00020000,8.49011400,1704068444299,True
27173680,42450.57000000,0.00008000,3.39604560,1704068445109,True
27173681,42468.52000000,0.00023000,9.76775960,1704068445418,False
27173682,42468.52000000,0.00003000,1.27405560,1704068446045,False
27173683,42468.51000000,0.00003000,1.27405530,1704068448630,False
27173684,42468.51000000,0.00003000,1.27405530,1704068451260,False
27173685,42468.51000000,0.00003000,1.27405530,1704068453700,False
27173686,42468.51000000,0.00003000,1.27405530,1704068456003,False
27173687,42468.51000000,0.00003000,1.27405530,1704068458369,False
27173688,42468.51000000,0.00020000,8.49370200,1704068460106,False
27173689,42450.57000000,0.00047000,19.95176790,1704068460230,True
27173690,42450.57000000,0.00022000,9.33912540,1704068461716,True
27173691,42450.57000000,0.00011000,4.66956270,1704068463830,True
27173692,42450.57000000,0.00006000,2.54703420,1704068466109,True
27173693,42468.50000000,0.00010000,4.24685000,1704068467665,False
27173694,42450.57000000,0.00003000,1.27351710,1704068468305,True
27173695,42468.50000000,0.00003000,1.27405500,1704068468426,False
27173696,42468.50000000,0.00003000,1.27405500,1704068471006,False
27173697,42468.50000000,0.00012000,5.09622000,1704068471628,False
27173698,42468.50000000,0.00003000,1.27405500,1704068473377,False
27173699,42468.50000000,0.00023000,9.76775500,1704068474786,False
27173700,42468.50000000,0.00003000,1.27405500,1704068475545,False
27173701,42468.50000000,0.00003000,1.27405500,1704068477853,False
27173702,42468.50000000,0.00003000,1.27405500,1704068480300,False
27173703,42468.50000000,0.00003000,1.27405500,1704068482826,False
27173704,42468.50000000,0.00003000,1.27405500,1704068485370,False
27173705,42468.50000000,0.00012000,5.09622000,1704068486062,False
27173706,42468.50000000,0.00003000,1.27405500,1704068487682,False
27173707,42468.50000000,0.00003000,1.27405500,1704068489837,False
27173708,42468.50000000,0.00003000,1.27405500,1704068492146,False
27173709,42468.50000000,0.00020000,8.49370000,1704068494024,False
27173710,42467.50000000,0.00003000,1.27402500,1704068494556,False
27173711,42467.47000000,0.00003000,1.27402410,1704068497185,False
27173712,42467.45000000,0.00003000,1.27402350,1704068499721,False
27173713,42467.42000000,0.00003000,1.27402260,1704068502218,False
27173714,42467.40000000,0.00003000,1.27402200,1704068504554,False
27173715,42467.40000000,0.00003000,1.27402200,1704068506757,False
27173716,42467.40000000,0.00020000,8.49348000,1704068508338,False
27173717,42467.40000000,0.00003000,1.27402200,1704068509381,False
27173718,42467.40000000,0.00020000,8.49348000,1704068510734,False
27173719,42467.40000000,0.00003000,1.27402200,1704068511662,False
27173720,42467.36000000,0.00003000,1.27402080,1704068514125,False
27173721,42467.30000000,0.00003000,1.27401900,1704068516718,False
27173722,42467.26000000,0.00003000,1.27401780,1704068519240,False
27173723,42467.20000000,0.00003000,1.27401600,1704068521927,False
27173724,42467.16000000,0.00003000,1.27401480,1704068524280,False
27173725,42467.14000000,0.00030000,12.74014200,1704068525788,False
27173726,42467.14000000,0.00010000,4.24671400,1704068526384,False
27173727,42467.14000000,0.00003000,1.27401420,1704068526470,False
27173728,42467.14000000,0.00003000,1.27401420,1704068528771,False
27173729,42467.14000000,0.00003000,1.27401420,1704068531198,False
27173730,42467.14000000,0.00004000,1.69868560,1704068532055,False
27173731,42467.14000000,0.00460000,195.34884400,1704068532115,False
27173732,42467.14000000,0.00003000,1.27401420,1704068533883,False
27173733,42467.14000000,0.00003000,1.27401420,1704068536352,False
27173734,42467.14000000,0.00003000,1.27401420,1704068538670,False
27173735,42467.14000000,0.00003000,1.27401420,1704068540838,False
27173736,42467.14000000,0.00003000,1.27401420,1704068543131,False
27173737,42467.14000000,0.00003000,1.27401420,1704068545629,False
27173738,42467.14000000,0.00003000,1.27401420,1704068548214,False
27173739,42467.13000000,0.00003000,1.27401390,1704068550756,False
27173740,42467.13000000,0.00003000,1.27401390,1704068553347,False
27173741,42450.23000000,0.00020000,8.49004600,1704068554324,True
27173742,42450.23000000,0.00008000,3.39601840,1704068555430,True
27173743,42450.23000000,0.00004000,1.69800920,1704068557419,True
27173744,42450.23000000,0.00022000,9.33905060,1704068559855,True
27173745,42450.23000000,0.00037000,15.70658510,1704068561779,True
27173746,42450.23000000,0.00019000,8.06554370,1704068563867,True
27173747,42450.23000000,0.00009000,3.82052070,1704068566079,True
27173748,42450.23000000,0.00005000,2.12251150,1704068568334,True
27173749,42450.23000000,0.00016000,6.79203680,1704068568465,True
27173750,42450.23000000,0.00019000,8.06554370,1704068572512,True
27173751,42467.12000000,0.00005000,2.12335600,1704068573070,False
27173752,42467.48000000,0.00042000,17.83634160,1704068573070,False
27173753,42467.50000000,0.00736000,312.56080000,1704068574205,False
27173754,42467.51000000,0.00010000,4.24675100,1704068576316,True
27173755,42467.51000000,0.00005000,2.12337550,1704068578416,True
27173756,42467.51000000,0.00231000,98.09994810,1704068586168,True
27173757,42491.24000000,0.00047000,19.97088280,1704068640240,False
27173758,42491.18000000,0.00003000,1.27473540,1704068642072,False
27173759,42491.13000000,0.00003000,1.27473390,1704068644376,False
27173760,42491.10000000,0.00357000,151.69322700,1704068646331,False
27173761,42491.10000000,0.00003000,1.27473300,1704068647021,False
27173762,42491.10000000,0.00003000,1.27473300,1704068649334,False
27173763,42491.10000000,0.00003000,1.27473300,1704068652213,True
27173764,42491.10000000,0.00003000,1.27473300,1704068654353,True
27173765,42491.10000000,0.00003000,1.27473300,1704068656934,True
27173766,42491.13000000,0.00004000,1.69964520,1704068659620,False
27173767,42491.13000000,0.00276000,117.27551880,1704068659620,False
27173768,42491.10000000,0.00003000,1.27473300,1704068660609,True
27173769,42491.10000000,0.00003000,1.27473300,1704068664512,True
27173770,42491.10000000,0.00003000,1.27473300,1704068666610,True
27173771,42491.10000000,0.00003000,1.27473300,1704068668903,True
27173772,42491.10000000,0.00003000,1.27473300,1704068671611,True
27173773,42491.13000000,0.00238000,101.12888940,1704068676623,False
27173774,42491.13000000,0.00003000,1.27473390,1704068678930,False
27173775,42491.10000000,0.00003000,1.27473300,1704068690652,True
27173776,42491.10000000,0.00017000,7.22348700,1704068690652,True
27173777,42491.10000000,0.00003000,1.27473300,1704068691812,True
27173778,42491.10000000,0.00003000,1.27473300,1704068693574,True
27173779,42491.10000000,0.00003000,1.27473300,1704068695908,True
27173780,42491.10000000,0.00003000,1.27473300,1704068698137,True
27173781,42491.10000000,0.00003000,1.27473300,1704068700493,True
27173782,42491.10000000,0.00003000,1.27473300,1704068703009,True
27173783,42491.10000000,0.00003000,1.27473300,1704068705652,True
27173784,42491.10000000,0.00003000,1.27473300,1704068708240,True
27173785,42491.10000000,0.00003000,1.27473300,1704068710700,True
27173786,42491.10000000,0.00003000,1.27473300,1704068713063,True
27173787,42491.10000000,0.00003000,1.27473300,1704068715309,True
27173788,42491.10000000,0.00003000,1.27473300,1704068717679,True
27173789,42491.10000000,0.00003000,1.27473300,1704068720189,True
27173790,42491.10000000,0.00018000,7.64839800,1704068721433,False
27173791,42491.10000000,0.00003000,1.27473300,1704068722829,True
27173792,42492.59000000,0.00018000,7.64866620,1704068722929,False
27173793,42492.59000000,0.00003000,1.27477770,1704068725323,False
27173794,42461.15000000,0.00120000,50.95338000,1704068726619,True
27173795,42461.23000000,0.00012000,5.09534760,1704068729319,True
27173796,42461.31000000,0.00006000,2.54767860,1704068731240,True
27173797,42461.33000000,0.00003000,1.27383990,1704068733338,True
27173798,42492.58000000,0.00080000,33.99406400,1704068743253,False
27173799,42492.59000000,0.00023000,9.77329570,1704068743253,False
27173800,42492.59000000,0.00023000,9.77329570,1704068743253,False
27173801,42494.69000000,0.01000000,424.94690000,1704068744518,False
27173802,42492.59000000,0.00003000,1.27477770,1704068744616,True
27173803,42499.98000000,0.00450000,191.24991000,1704068746129,False
27173804,42499.99000000,0.00550000,233.74994500,1704068746129,False
27173805,42499.99000000,0.00003000,1.27499970,1704068746829,False
27173806,42499.99000000,0.05152000,2189.59948480,1704068747243,False
27173807,42499.99000000,0.05677000,2412.72443230,1704068748962,False
27173808,42499.99000000,0.00003000,1.27499970,1704068749045,False
27173809,42499.99000000,0.03234000,1374.44967660,1704068749881,False
27173810,42499.99000000,0.00003000,1.27499970,1704068751367,False
27173811,42499.99000000,0.03809000,1618.82461910,1704068751383,False
27173812,42499.99000000,0.00004000,1.69999960,1704068751383,False
27173813,42499.99000000,0.00004000,1.69999960,1704068751383,False
27173814,42500.00000000,0.07221000,3068.92500000,1704068751383,False
27173815,42500.00000000,0.00003000,1.27500000,1704068753886,False
27173816,42500.00000000,0.00003000,1.27500000,1704068756749,False
27173817,42500.00000000,0.00003000,1.27500000,1704068759156,False
27173818,42500.00000000,0.00003000,1.27500000,1704068761429,False
27173819,42500.00000000,0.00003000,1.27500000,1704068763693,False
27173820,42500.00000000,0.00003000,1.27500000,1704068766085,False
27173821,42500.00000000,0.00003000,1.27500000,1704068768712,False
27173822,42500.00000000,0.00003000,1.27500000,1704068771259,False
27173823,42500.00000000,0.00003000,1.27500000,1704068773725,False
27173824,42499.99000000,0.00003000,1.27499970,1704068776058,False
27173825,42499.99000000,0.00075000,31.87499250,1704068777800,False
27173826,42499.99000000,0.00003000,1.27499970,1704068777800,False
27173827,42500.00000000,0.00147000,62.47500000,1704068777800,False
27173828,42499.99000000,0.00003000,1.27499970,1704068778328,False
27173829,42499.99000000,0.00003000,1.27499970,1704068780964,True
27173830,42499.98000000,0.00003000,1.27499940,1704068783365,False
27173831,42495.70000000,0.00003000,1.27487100,1704068785861,False
27173832,42495.69000000,0.00003000,1.27487070,1704068788423,False
27173833,42495.69000000,0.00003000,1.27487070,1704068790893,False
27173834,42495.69000000,0.00003000,1.27487070,1704068793430,False
27173835,42495.69000000,0.00003000,1.27487070,1704068795746,False
27173836,42495.69000000,0.00003000,1.27487070,1704068797969,False
27173837,42461.12000000,0.98970000,42023.77046400,1704068798663,True
27173838,42461.19000000,0.00003000,1.27383570,1704068801011,True
27173839,42461.27000000,0.00012000,5.09535240,1704068805424,True
27173840,42461.30000000,0.00016000,6.79380800,1704068807432,True
27173841,42461.33000000,0.00008000,3.39690640,1704068809289,True
27173842,42461.35000000,0.00004000,1.69845400,1704068811154,True
27173843,42461.47000000,0.00006000,2.54768820,1704068817327,True
27173844,42461.49000000,0.00006000,2.54768940,1704068819539,True
27173845,42461.49000000,0.00047000,19.95690030,1704068820226,True
27173846,42461.49000000,0.00003000,1.27384470,1704068821456,True
27173847,42461.58000000,0.00225000,95.53855500,1704068838239,True
27173848,42461.58000000,0.00647000,274.72642260,1704068841474,True
27173849,42461.58000000,0.00003000,1.27384740,1704068841474,True
27173850,42461.49000000,0.00003000,1.27384470,1704068841623,True
27173851,42461.49000000,0.00003000,1.27384470,1704068841623,True
27173852,42461.49000000,0.00003000,1.27384470,1704068841623,True
27173853,42461.49000000,0.00003000,1.27384470,1704068841623,True
27173854,42461.49000000,0.00003000,1.27384470,1704068841623,True
27173855,42461.49000000,0.00003000,1.27384470,1704068841623,True
27173856,42461.49000000,0.00003000,1.27384470,1704068841623,True
27173857,42460.83000000,0.00040000,16.98433200,1704068843623,True
27173858,42460.83000000,0.00003000,1.27382490,1704068844701,True
27173859,42460.83000000,0.00003000,1.27382490,1704068846625,True
27173860,42450.23000000,0.00158000,67.07136340,1704068848623,True
27173861,42460.83000000,0.00003000,1.27382490,1704068848763,True
27173862,42450.00000000,0.00100000,42.45000000,1704068850624,True
27173863,42450.00000000,0.00003000,1.27350000,1704068851316,True
27173864,42447.18000000,0.00010000,4.24471800,1704068851623,True
27173865,42445.88000000,0.00100000,42.44588000,1704068852345,True
27173866,42445.88000000,0.00003000,1.27337640,1704068853936,True
27173867,42438.21000000,0.00037000,15.70213770,1704068853936,True
27173868,42436.14000000,0.00103000,43.70922420,1704068853936,True
27173869,42436.14000000,0.00249000,105.66598860,1704068853936,True
27173870,42432.06000000,0.00026000,11.03233560,1704068853936,True
27173871,42432.06000000,0.00024000,10.18369440,1704068853936,True
27173872,42429.24000000,0.00800000,339.43392000,1704068853936,True
27173873,42429.23000000,0.01698000,720.44832540,1704068853936,True
27173874,42429.24000000,0.00009000,3.81863160,1704068856339,True
27173875,42429.24000000,0.00005000,2.12146200,1704068858429,True
27173876,42429.24000000,0.00131000,55.58230440,1704068863885,True
27173877,42429.24000000,0.00014000,5.94009360,1704068868313,True
27173878,42429.24000000,0.00007000,2.97004680,1704068870264,True
27173879,42429.24000000,0.00004000,1.69716960,1704068872121,True
27173880,42450.91000000,0.00010000,4.24509100,1704068880106,False
27173881,42450.85000000,0.00003000,1.27352550,1704068882911,False
27173882,42450.81000000,0.00003000,1.27352430,1704068885303,False
27173883,42450.79000000,0.00003000,1.27352370,1704068887947,False
27173884,42450.79000000,0.00003000,1.27352370,1704068890218,False
27173885,42450.79000000,0.00003000,1.27352370,1704068892650,False
27173886,42450.79000000,0.00003000,1.27352370,1704068895232,False
27173887,42450.79000000,0.00003000,1.27352370,1704068897668,False
27173888,42450.79000000,0.00003000,1.27352370,1704068900295,False
27173889,42450.79000000,0.00003000,1.27352370,1704068902499,False
27173890,42429.30000000,0.00100000,42.42930000,1704068902627,True
27173891,42429.23000000,0.05344000,2267.41805120,1704068903628,True
27173892,42427.14000000,0.00049000,20.78929860,1704068904555,True
27173893,42429.23000000,0.00003000,1.27287690,1704068907454,True
27173894,42429.30000000,0.00005000,2.12146500,1704068908113,False
27173895,42430.23000000,0.00851000,361.08125730,1704068908628,True
27173896,42427.14000000,0.00003000,1.27281420,1704068909612,True
27173897,42430.23000000,0.00003000,1.27290690,1704068910627,True
27173898,42423.00000000,0.00050000,21.21150000,1704068911628,True
27173899,42423.00000000,0.00003000,1.27269000,1704068912630,True
27173900,42423.00000000,0.00009000,3.81807000,1704068940105,False
27173901,42439.82000000,0.00021000,8.91236220,1704068940105,False
27173902,42439.80000000,0.00003000,1.27319400,1704068941232,False
27173903,42439.78000000,0.00003000,1.27319340,1704068943526,False
27173904,42439.72000000,0.00003000,1.27319160,1704068945771,False
27173905,42439.72000000,0.00003000,1.27319160,1704068948033,False
27173906,42439.72000000,0.00003000,1.27319160,1704068950467,False
27173907,42439.72000000,0.00003000,1.27319160,1704068953087,False
27173908,42439.72000000,0.00003000,1.27319160,1704068955693,False
27173909,42439.72000000,0.00003000,1.27319160,1704068957919,False
27173910,42439.72000000,0.00003000,1.27319160,1704068960192,False
27173911,42439.72000000,0.00003000,1.27319160,1704068962617,False
27173912,42439.66000000,0.00003000,1.27318980,1704068965149,False
27173913,42439.62000000,0.00012000,5.09275440,1704068966601,False
27173914,42436.98000000,0.00013000,5.51680740,1704068971435,False
27173915,42436.96000000,0.00003000,1.27310880,1704068972089,False
27173916,42436.91000000,0.00003000,1.27310730,1704068974626,False
27173917,42436.84000000,0.00003000,1.27310520,1704068977034,False
27173918,42436.80000000,0.00003000,1.27310400,1704068979637,False
27173919,42436.73000000,0.00003000,1.27310190,1704068981961,False
27173920,42436.68000000,0.00003000,1.27310040,1704068984289,False
27173921,42436.64000000,0.00003000,1.27309920,1704068986765,False
27173922,42436.64000000,0.00003000,1.27309920,1704068989286,False
27173923,42436.64000000,0.00003000,1.27309920,1704068991817,False
27173924,42436.63000000,0.00003000,1.27309890,1704068994319,False
27173925,42436.59000000,0.00003000,1.27309770,1704068996620,False
27173926,42436.59000000,0.00003000,1.27309770,1704069002551,False
27173927,42418.38000000,0.00100000,42.41838000,1704069002818,True
27173928,42418.37000000,0.00025000,10.60459250,1704069002818,True
27173929,42417.79000000,0.00031000,13.14951490,1704069002818,True
27173930,42404.68000000,0.00010000,4.24046800,1704069002818,True
27173931,42404.10000000,0.00686000,290.89212600,1704069002818,True
27173932,42404.10000000,0.00096000,40.70793600,1704069002818,True
27173933,42404.00000000,0.00045000,19.08180000,1704069002818,True
27173934,42403.65000000,0.00800000,339.22920000,1704069002818,True
27173935,42403.64000000,0.07956000,3373.63359840,1704069002818,True
27173936,42403.66000000,0.00800000,339.22928000,1704069002982,True
27173937,42403.65000000,0.07578000,3213.34859700,1704069002982,True
27173938,42403.65000000,0.00706000,299.36976900,1704069002982,True
27173939,42403.64000000,0.19537000,8284.39914680,1704069002982,True
27173940,42403.65000000,0.00128000,54.27667200,1704069003193,True
27173941,42403.65000000,0.00800000,339.22920000,1704069003381,True
27173942,42403.64000000,0.23382000,9914.81910480,1704069003381,True
27173943,42403.63000000,0.00004000,1.69614520,1704069003381,True
27173944,42403.63000000,0.00314000,133.14739820,1704069003399,True
27173945,42403.00000000,0.00413000,175.12439000,1704069003399,True
27173946,42400.96000000,0.00400000,169.60384000,1704069003399,True
27173947,42400.71000000,0.00003000,1.27202130,1704069003399,True
27173948,42400.17000000,0.00118000,50.03220060,1704069003399,True
27173949,42400.01000000,0.00100000,42.40001000,1704069003399,True
27173950,42400.00000000,0.00100000,42.40000000,1704069003399,True
27173951,42397.77000000,0.46067000,19531.38070590,1704069003399,True
27173952,42403.64000000,0.00003000,1.27210920,1704069003745,False
27173953,42397.78000000,0.00126000,53.42120280,1704069003953,True
27173954,42397.78000000,0.00580000,245.90712400,1704069004328,True
27173955,42397.39000000,0.00200000,84.79478000,1704069004328,True
27173956,42394.73000000,0.00907000,384.52020110,1704069004328,True
27173957,42394.73000000,0.00029000,12.29447170,1704069004328,True
27173958,42394.35000000,0.00082000,34.76336700,1704069004328,True
27173959,42394.18000000,0.00037000,15.68584660,1704069004328,True
27173960,42392.68000000,0.00800000,339.14144000,1704069004328,True
27173961,42392.64000000,0.01993000,844.88531520,1704069004328,True
27173962,42392.65000000,0.00500000,211.96325000,1704069004740,True
27173963,42392.64000000,0.04225000,1791.08904000,1704069004740,True
27173964,42392.64000000,0.04598000,1949.21358720,1704069004912,True
27173965,42392.64000000,0.02566000,1087.79514240,1704069005121,True
27173966,42392.64000000,0.24099000,10216.20231360,1704069005299,True
27173967,42392.64000000,0.00003000,1.27177920,1704069005299,True
27173968,42392.33000000,0.00353000,149.64492490,1704069005299,True
27173969,42391.20000000,0.00029000,12.29344800,1704069005299,True
27173970,42391.18000000,0.00029000,12.29344220,1704069005299,True
27173971,42384.20000000,0.02184000,925.67092800,1704069005299,True
27173972,42384.20000000,0.02941000,1246.51932200,1704069005306,True
27173973,42384.21000000,0.00111000,47.04647310,1704069005504,True
27173974,42384.21000000,0.02578000,1092.66493380,1704069005680,True
27173975,42384.21000000,0.14484000,6138.92897640,1704069005718,True
27173976,42384.20000000,0.21200000,8985.45040000,1704069005718,True
27173977,42376.85000000,0.00204000,86.44877400,1704069005718,True
27173978,42376.85000000,0.00203000,86.02500550,1704069005718,True
27173979,42376.84000000,0.00019000,8.05159960,1704069005718,True
27173980,42375.00000000,0.00048000,20.34000000,1704069005718,True
27173981,42371.86000000,0.00049000,20.76221140,1704069005718,True
27173982,42371.84000000,0.00062000,26.27054080,1704069005718,True
27173983,42371.84000000,0.00119000,50.42248960,1704069005718,True
27173984,42370.00000000,0.00033000,13.98210000,1704069005718,True
27173985,42369.85000000,0.00577000,244.47403450,1704069005718,True
27173986,42369.84000000,0.00568000,240.66069120,1704069005718,True
27173987,42369.83000000,0.00622000,263.54034260,1704069005718,True
27173988,42369.82000000,0.00545000,230.91551900,1704069005718,True
27173989,42369.81000000,0.00666000,282.18293460,1704069005718,True
27173990,42369.80000000,0.30943000,13110.48721400,1704069005718,True
27173991,42370.69000000,0.01700000,720.30173000,1704069005856,True
27173992,42370.69000000,0.01896000,803.34828240,1704069006079,True
27173993,42370.70000000,0.02387000,1011.38860900,1704069006145,True
27173994,42370.73000000,0.01393000,590.22426890,1704069006251,True
27173995,42370.69000000,0.01503000,636.83147070,1704069006251,True
27173996,42365.85000000,0.00020000,8.47317000,1704069006251,True
27173997,42365.20000000,0.11466000,4857.59383200,1704069006251,True
27173998,42370.69000000,0.03683000,1560.51251270,1704069006457,True
27173999,42392.64000000,0.00012000,5.08711680,1704069006493,False
27174000,42392.64000000,0.02818000,1194.62459520,1704069006576,True
27174001,42370.69000000,0.01416000,599.96897040,1704069006576,True
27174002,42365.20000000,0.14859000,6295.04506800,1704069006576,True
27174003,42357.14000000,0.00015000,6.35357100,1704069006576,True
27174004,42357.14000000,0.00050000,21.17857000,1704069006576,True
27174005,42357.08000000,0.00318000,134.69551440,1704069006576,True
27174006,42350.10000000,0.00003000,1.27050300,1704069006576,True
27174007,42348.55000000,0.00353000,149.49038150,1704069006576,True
27174008,42346.00000000,0.00708000,299.80968000,1704069006576,True
27174009,42345.44000000,0.00028000,11.85672320,1704069006576,True
27174010,42345.44000000,0.00027000,11.43326880,1704069006576,True
27174011,42339.60000000,0.00489000,207.04064400,1704069006576,True
27174012,42360.03000000,0.01979000,838.30499370,1704069006616,True
27174013,42360.03000000,0.03120000,1321.63293600,1704069006887,True
27174014,42357.70000000,0.01958000,829.36376600,1704069006887,True
27174015,42360.03000000,0.05099000,2159.93792970,1704069006966,True
27174016,42357.70000000,0.11828000,5010.06875600,1704069006966,True
27174017,42357.70000000,0.00153000,64.80728100,1704069007038,True
27174018,42357.70000000,0.02662000,1127.56197400,1704069007335,True
27174019,42357.70000000,0.01082000,458.31031400,1704069007350,True
27174020,42390.36000000,0.00400000,169.56144000,1704069007411,True
27174021,42357.70000000,0.00969000,410.44611300,1704069007411,True
27174022,42394.76000000,0.02830000,1199.77170800,1704069007524,False
27174023,42357.72000000,0.01863000,789.12432360,1704069007789,True
27174024,42357.71000000,0.00043000,18.21381530,1704069007789,True
27174025,42357.70000000,0.05362000,2271.21987400,1704069007789,True
27174026,42357.70000000,0.01192000,504.90378400,1704069008041,True
27174027,42357.70000000,0.00201000,85.13897700,1704069008142,True
27174028,42357.70000000,0.00284000,120.29586800,1704069008407,True
27174029,42357.70000000,0.00069000,29.22681300,1704069008509,True
27174030,42357.70000000,0.00565000,239.32100500,1704069008893,True
27174031,42357.70000000,0.00003000,1.27073100,1704069008893,True
27174032,42338.00000000,0.00050000,21.16900000,1704069008893,True
27174033,42336.44000000,0.00041000,17.35794040,1704069008893,True
27174034,42334.96000000,0.00045000,19.05073200,1704069008893,True
27174035,42317.55000000,0.00750000,317.38162500,1704069008893,True
27174036,42329.41000000,0.03275000,1386.28817750,1704069009245,True
27174037,42384.16000000,0.00200000,84.76832000,1704069009463,True
27174038,42389.94000000,0.00003000,1.27169820,1704069009526,False
27174039,42329.40000000,0.02139000,905.42586600,1704069009609,True
27174040,42329.40000000,0.11474000,4856.87535600,1704069010016,True
27174041,42329.40000000,0.11453000,4847.98618200,1704069010024,True
27174042,42329.40000000,0.01259000,532.92714600,1704069010154,True
27174043,42317.57000000,0.10190000,4312.16038300,1704069010154,True
27174044,42329.40000000,0.11463000,4852.21912200,1704069010311,True
27174045,42329.43000000,0.01279000,541.39340970,1704069010361,True
27174046,42329.44000000,0.11456000,4849.26064640,1704069010375,True
27174047,42329.52000000,0.11437000,4841.22720240,1704069010479,True
27174048,42329.40000000,0.00016000,6.77270400,1704069010497,True
27174049,42329.40000000,0.11436000,4840.79018400,1704069010602,True
27174050,42329.40000000,0.03410000,1443.43254000,1704069010615,True
27174051,42329.40000000,0.00003000,1.26988200,1704069010615,True
27174052,42317.57000000,0.08025000,3395.98499250,1704069010615,True
27174053,42317.58000000,0.02429000,1027.89401820,1704069010627,True
27174054,42317.57000000,0.09025000,3819.16069250,1704069010627,True
27174055,42317.58000000,0.00632000,267.44710560,1704069010658,True
27174056,42317.57000000,0.10823000,4580.03060110,1704069010658,True
27174057,42317.57000000,0.02299000,972.88093430,1704069010730,True
27174058,42317.57000000,0.00116000,49.08838120,1704069011085,True
27174059,42317.57000000,0.00426000,180.27284820,1704069011442,True
27174060,42317.57000000,0.01544000,653.38328080,1704069011817,True
27174061,42317.57000000,0.19369000,8196.49013330,1704069012196,True
27174062,42383.11000000,0.00021000,8.90045310,1704069012206,False
27174063,42329.40000000,0.00020000,8.46588000,1704069012319,True
27174064,42376.50000000,0.00400000,169.50600000,1704069012437,True
27174065,42329.40000000,0.07277000,3080.31043800,1704069012579,True
27174066,42329.40000000,0.02350000,994.74090000,1704069012779,True
27174067,42329.40000000,0.00010000,4.23294000,1704069012819,True
27174068,42329.40000000,0.00101000,42.75269400,1704069013233,True
27174069,42379.29000000,0.00020000,8.47585800,1704069013319,False
27174070,42329.40000000,0.01822000,771.24166800,1704069013626,True
27174071,42329.40000000,0.00398000,168.47101200,1704069014054,True
27174072,42377.97000000,0.05099000,2160.85269030,1704069014133,False
27174073,42379.28000000,0.00543000,230.11949040,1704069014133,False
27174074,42379.28000000,0.00800000,339.03424000,1704069014133,False
27174075,42379.28000000,0.01355000,574.23924400,1704069014133,False
27174076,42329.41000000,0.01022000,432.60657020,1704069014164,True
27174077,42329.41000000,0.00561000,237.46799010,1704069014730,True
27174078,42329.41000000,0.01125000,476.20586250,1704069014826,True
27174079,42329.58000000,0.00147000,62.22448260,1704069015146,True
27174080,42329.58000000,0.00626000,264.98317080,1704069015209,True
27174081,42329.58000000,0.00211000,89.31541380,1704069015558,True
27174082,42377.97000000,0.03192000,1352.70480240,1704069015638,False
27174083,42368.70000000,0.00200000,84.73740000,1704069015649,True
27174084,42329.58000000,0.04069000,1722.39061020,1704069015649,True
27174085,42329.59000000,0.00132000,55.87505880,1704069015947,True
27174086,42329.59000000,0.00326000,137.99446340,1704069016078,True
27174087,42329.59000000,0.00707000,299.27020130,1704069016078,True
27174088,42329.41000000,0.00097000,41.05952770,1704069016078,True
27174089,42377.96000000,0.00605000,256.38665800,1704069016243,False
27174090,42377.96000000,0.00005000,2.11889800,1704069016243,False
27174091,42329.59000000,0.00707000,299.27020130,1704069016492,True
27174092,42329.41000000,0.00003000,1.26988230,1704069016492,True
27174093,42329.41000000,0.00700000,296.30587000,1704069016492,True
27174094,42329.40000000,0.01169000,494.83068600,1704069016492,True
27174095,42377.96000000,0.00707000,299.61217720,1704069016906,False
27174096,42377.96000000,0.00800000,339.02368000,1704069016906,False
27174097,42377.97000000,0.01907000,808.14788790,1704069016906,False
27174098,42379.28000000,0.00005000,2.11896400,1704069016906,False
27174099,42377.97000000,0.00003000,1.27133910,1704069017834,False
27174100,42377.97000000,0.01154000,489.04177380,1704069017842,False
27174101,42377.93000000,0.00105000,44.49682650,1704069018651,False
27174102,42377.92000000,0.01000000,423.77920000,1704069019074,False
27174103,42377.92000000,0.05107000,2164.24037440,1704069019404,False
27174104,42377.92000000,0.00003000,1.27133760,1704069020010,False
27174105,42377.92000000,0.00704000,298.34055680,1704069021552,False
27174106,42377.92000000,0.00025000,10.59448000,1704069021552,False
27174107,42377.93000000,0.00516000,218.67011880,1704069021552,False
27174108,42377.94000000,0.00800000,339.02352000,1704069021552,False
27174109,42377.97000000,0.02005000,849.67829850,1704069021552,False
27174110,42365.91000000,0.00400000,169.46364000,1704069021837,True
27174111,42358.11000000,0.00200000,84.71622000,1704069021837,True
27174112,42330.45000000,0.00800000,338.64360000,1704069021837,True
27174113,42330.44000000,0.00359000,151.96627960,1704069021837,True
27174114,42377.96000000,0.00035000,14.83228600,1704069022036,False
27174115,42330.46000000,0.00800000,338.64368000,1704069022256,True
27174116,42330.46000000,0.00707000,299.27635220,1704069022256,True
27174117,42330.45000000,0.00458000,193.87346100,1704069022256,True
27174118,42330.45000000,0.00707000,299.27628150,1704069022635,True
27174119,42330.44000000,0.00079000,33.44104760,1704069022635,True
27174120,42377.95000000,0.00405000,171.63069750,1704069022877,False
27174121,42330.47000000,0.05297000,2242.24499590,1704069022997,True
27174122,42330.47000000,0.00013000,5.50296110,1704069023145,True
27174123,42330.47000000,0.00374000,158.31595780,1704069023385,True
27174124,42330.46000000,0.00567000,240.01370820,1704069023385,True
27174125,42330.44000000,0.03348000,1417.22313120,1704069023385,True
27174126,42330.44000000,0.01313000,555.79867720,1704069023764,True
27174127,42330.44000000,0.00003000,1.26991320,1704069023764,True
27174128,42329.42000000,0.00612000,259.05605040,1704069023764,True
27174129,42329.40000000,0.08536000,3613.23758400,1704069023764,True
27174130,42329.40000000,0.00231000,97.78091400,1704069023891,True
27174131,42373.59000000,0.00039000,16.52570010,1704069023908,False
27174132,42373.59000000,0.00004000,1.69494360,1704069023909,False
27174133,42373.59000000,0.00193000,81.78102870,1704069023920,False
27174134,42329.41000000,0.00405000,171.43411050,1704069024122,True
27174135,42329.40000000,0.00277000,117.25243800,1704069024122,True
27174136,42329.40000000,0.02515000,1064.58441000,1704069024496,True
27174137,42329.40000000,0.01619000,685.31298600,1704069024913,True
27174138,42329.40000000,0.00003000,1.26988200,1704069024913,True
27174139,42329.40000000,0.00003000,1.26988200,1704069024913,True
27174140,42317.54000000,0.00756000,319.92060240,1704069024913,True
27174141,42317.54000000,0.00106000,44.85659240,1704069024913,True
27174142,42316.58000000,0.00049000,20.73512420,1704069024913,True
27174143,42314.22000000,0.00292000,123.55752240,1704069024913,True
27174144,42313.62000000,0.00130000,55.00770600,1704069024913,True
27174145,42310.58000000,0.00318000,134.54764440,1704069024913,True
27174146,42308.35000000,0.00055000,23.26959250,1704069024913,True
27174147,42307.69000000,0.00010000,4.23076900,1704069024913,True
27174148,42306.27000000,0.00037000,15.65331990,1704069024913,True
27174149,42305.64000000,0.00082000,34.69062480,1704069024913,True
27174150,42304.83000000,0.00353000,149.33604990,1704069024913,True
27174151,42300.02000000,0.00629000,266.06712580,1704069024913,True
27174152,42371.52000000,0.06726000,2849.90843520,1704069024926,False
27174153,42306.02000000,0.00254000,107.45729080,1704069025269,True
27174154,42306.01000000,0.02567000,1085.99527670,1704069025269,True
27174155,42329.40000000,0.00011000,4.65623400,1704069025552,False
27174156,42355.32000000,0.00389000,164.76219480,1704069025638,True
27174157,42300.02000000,0.03080000,1302.84061600,1704069025638,True
27174158,42304.02000000,0.01573000,665.44223460,1704069026005,True
27174159,42366.66000000,0.00800000,338.93328000,1704069026180,False
27174160,42366.66000000,0.01414000,599.06457240,1704069026180,False
27174161,42366.67000000,0.02457000,1040.94908190,1704069026180,False
27174162,42308.06000000,0.00800000,338.46448000,1704069026356,True
27174163,42308.05000000,0.00104000,44.00037200,1704069026356,True
27174164,42308.06000000,0.00538000,227.61736280,1704069026709,True
27174165,42357.06000000,0.03667000,1553.23339020,1704069026958,False
27174166,42308.53000000,0.03574000,1512.10686220,1704069027056,True
27174167,42308.53000000,0.00708000,299.54439240,1704069027466,True
27174168,42308.07000000,0.02586000,1094.08669020,1704069027466,True
27174169,42308.06000000,0.00003000,1.26924180,1704069027466,True
27174170,42304.01000000,0.00477000,201.79012770,1704069027466,True
27174171,42304.00000000,0.07720000,3265.86880000,1704069027466,True
27174172,42357.06000000,0.00708000,299.88798480,1704069027478,False
27174173,42357.07000000,0.00194000,82.17271580,1704069027478,False
27174174,42308.06000000,0.00005000,2.11540300,1704069027773,False
27174175,42300.01000000,0.00100000,42.30001000,1704069027815,True
27174176,42300.00000000,0.02268000,959.36400000,1704069027815,True
27174177,42300.00000000,0.00082000,34.68600000,1704069027815,True
27174178,42299.92000000,0.00072000,30.45594240,1704069027815,True
27174179,42299.55000000,0.00003000,1.26898650,1704069027815,True
27174180,42298.30000000,0.04205000,1778.64351500,1704069027815,True
27174181,42347.52000000,0.00200000,84.69504000,1704069028223,True
27174182,42310.70000000,0.00488000,206.47621600,1704069028223,True
27174183,42303.00000000,0.00192000,81.22176000,1704069028582,True
27174184,42303.01000000,0.00659000,278.77683590,1704069028945,True
27174185,42348.55000000,0.00004000,1.69394200,1704069029208,False
27174186,42303.01000000,0.03008000,1272.47454080,1704069029298,True
27174187,42303.01000000,0.00419000,177.24961190,1704069029298,True
27174188,42303.02000000,0.00273000,115.48724460,1704069029651,True
27174189,42303.02000000,0.00004000,1.69212080,1704069029871,True
27174190,42303.02000000,0.00200000,84.60604000,1704069030006,True
27174191,42303.01000000,0.00003000,1.26909030,1704069030006,True
27174192,42303.00000000,0.04798000,2029.69794000,1704069030006,True
27174193,42303.00000000,0.01770000,748.76310000,1704069030381,True
27174194,42303.00000000,0.07080000,2995.05240000,1704069030745,True
27174195,42315.33000000,0.00943000,399.03356190,1704069031117,True
27174196,42337.96000000,0.00082000,34.71712720,1704069031331,True
27174197,42348.53000000,0.00957000,405.27543210,1704069031356,False
27174198,42337.96000000,0.00318000,134.63471280,1704069031476,True
27174199,42315.33000000,0.00209000,88.43903970,1704069031476,True
27174200,42315.33000000,0.14040000,5941.07233200,1704069031862,True
27174201,42315.33000000,0.00013000,5.50099290,1704069031966,True
27174202,42315.33000000,0.00708000,299.59253640,1704069032239,True
27174203,42315.26000000,0.02159000,913.58646340,1704069032239,True
27174204,42315.33000000,0.00003000,1.26945990,1704069032594,True
27174205,42315.26000000,0.00531000,224.69403060,1704069032594,True
27174206,42315.27000000,0.00008000,3.38522160,1704069033908,True
27174207,42348.55000000,0.00349000,147.79643950,1704069034466,False
27174208,42348.55000000,0.00708000,299.82773400,1704069034466,False
27174209,42350.10000000,0.00003000,1.27050300,1704069035472,False
27174210,42348.55000000,0.00004000,1.69394200,1704069036492,False
27174211,42357.07000000,0.00053000,22.44924710,1704069037498,False
27174212,42357.08000000,0.00318000,134.69551440,1704069038197,False
27174213,42367.79000000,0.00800000,338.94232000,1704069038197,False
27174214,42367.80000000,0.01679000,711.35536200,1704069038197,False
27174215,42371.86000000,0.00049000,20.76221140,1704069039594,False
27174216,42371.86000000,0.00003000,1.27115580,1704069042013,True
27174217,42367.80000000,0.00003000,1.27103400,1704069042013,True
27174218,42379.98000000,0.00800000,339.03984000,1704069042143,False
27174219,42378.92000000,0.00003000,1.27136760,1704069043802,False
27174220,42378.15000000,0.00003000,1.27134450,1704069046134,False
27174221,42375.40000000,0.00003000,1.27126200,1704069048586,False
27174222,42370.03000000,0.00003000,1.27110090,1704069051225,False
27174223,42336.93000000,0.00020000,8.46738600,1704069052436,True
27174224,42368.22000000,0.00004000,1.69472880,1704069054735,False
27174225,42367.57000000,0.00003000,1.27102710,1704069055837,False
27174226,42367.47000000,0.00072000,30.50457840,1704069057727,False
27174227,42365.61000000,0.00003000,1.27096830,1704069058242,False
27174228,42363.79000000,0.00060000,25.41827400,1704069060137,False
27174229,42363.79000000,0.00003000,1.27091370,1704069060787,False
27174230,42360.14000000,0.00003000,1.27080420,1704069063503,False
27174231,42359.80000000,0.00003000,1.27079400,1704069065996,False
27174232,42359.80000000,0.00003000,1.27079400,1704069068408,False
27174233,42359.80000000,0.00006000,2.54158800,1704069069163,False
27174234,42359.80000000,0.00018000,7.62476400,1704069069163,False
27174235,42359.80000000,0.00003000,1.27079400,1704069070670,False
27174236,42358.10000000,0.00003000,1.27074300,1704069072910,False
27174237,42355.70000000,0.00003000,1.27067100,1704069075566,False
27174238,42355.71000000,0.01000000,423.55710000,1704069077592,True
27174239,42358.10000000,0.00004000,1.69432400,1704069078175,False
27174240,42358.10000000,0.00008000,3.38864800,1704069078175,False
27174241,42355.71000000,0.00011000,4.65912810,1704069079177,False
27174242,42359.80000000,0.00004000,1.69439200,1704069080182,False
27174243,42359.80000000,0.00004000,1.69439200,1704069080182,False
27174244,42355.71000000,0.00006000,2.54134260,1704069081185,False
27174245,42355.71000000,0.00003000,1.27067130,1704069085176,False
27174246,42355.70000000,0.00003000,1.27067100,1704069085368,True
27174247,42355.70000000,0.00707000,299.45479900,1704069085368,True
27174248,42355.71000000,0.00003000,1.27067130,1704069085406,True
27174249,42355.71000000,0.00003000,1.27067130,1704069087686,True
27174250,42355.71000000,0.00003000,1.27067130,1704069090015,True
27174251,42355.71000000,0.00007000,2.96489970,1704069093743,False
27174252,42355.71000000,0.00003000,1.27067130,1704069094226,True
27174253,42355.71000000,0.00005000,2.11778550,1704069096342,False
27174254,42355.71000000,0.00003000,1.27067130,1704069097706,False
27174255,42355.71000000,0.00003000,1.27067130,1704069100377,True
27174256,42354.58000000,0.00100000,42.35458000,1704069100377,True
27174257,42354.57000000,0.04950000,2096.55121500,1704069100377,True
27174258,42354.57000000,0.00003000,1.27063710,1704069101664,True
27174259,42354.57000000,0.00003000,1.27063710,1704069103912,True
27174260,42354.57000000,0.00006000,2.54127420,1704069105327,False
27174261,42361.73000000,0.00111000,47.02152030,1704069105327,False
27174262,42361.73000000,0.00003000,1.27085190,1704069106158,False
27174263,42361.73000000,0.00003000,1.27085190,1704069108575,False
27174264,42361.73000000,0.00003000,1.27085190,1704069111117,False
27174265,42359.16000000,0.00003000,1.27077480,1704069113551,False
27174266,42359.16000000,0.00003000,1.27077480,1704069115857,False
27174267,42359.16000000,0.00013000,5.50669080,1704069117732,False
27174268,42359.16000000,0.00231000,97.84965960,1704069117822,False
27174269,42359.16000000,0.00003000,1.27077480,1704069118302,False
27174270,42359.16000000,0.00010000,4.23591600,1704069120123,False
27174271,42359.16000000,0.00003000,1.27077480,1704069120678,False
27174272,42359.16000000,0.00445000,188.49826200,1704069122233,False
27174273,42359.16000000,0.00003000,1.27077480,1704069122233,False
27174274,42359.16000000,0.00003000,1.27077480,1704069122233,False
27174275,42359.16000000,0.00005000,2.11795800,1704069122233,False
27174276,42359.16000000,0.00004000,1.69436640,1704069122233,False
27174277,42361.73000000,0.00004000,1.69446920,1704069123228,False
27174278,42361.73000000,0.00004000,1.69446920,1704069123228,False
27174279,42364.61000000,0.00856000,362.64106160,1704069124229,False
27174280,42383.71000000,0.00536000,227.17668560,1704069127901,False
27174281,42383.71000000,0.00003000,1.27151130,1704069130326,True
27174282,42383.71000000,0.00003000,1.27151130,1704069132684,True
27174283,42383.71000000,0.00003000,1.27151130,1704069134908,True
27174284,42383.71000000,0.00003000,1.27151130,1704069137182,True
27174285,42383.71000000,0.00003000,1.27151130,1704069139775,True
27174286,42383.71000000,0.00003000,1.27151130,1704069142238,True
27174287,42383.71000000,0.00003000,1.27151130,1704069144789,True
27174288,42383.71000000,0.00003000,1.27151130,1704069147265,True
27174289,42383.71000000,0.00003000,1.27151130,1704069149626,True
27174290,42383.71000000,0.00003000,1.27151130,1704069151931,True
27174291,42383.71000000,0.00003000,1.27151130,1704069154124,True
27174292,42382.23000000,0.00003000,1.27146690,1704069156450,False
27174293,42382.23000000,0.00003000,1.27146690,1704069158921,False
27174294,42364.72000000,0.00707000,299.51857040,1704069161294,True
27174295,42364.72000000,0.00800000,338.91776000,1704069161294,True
27174296,42364.71000000,0.06981000,2957.48040510,1704069161294,True
27174297,42381.18000000,0.00003000,1.27143540,1704069161546,False
27174298,42381.15000000,0.00003000,1.27143450,1704069164024,False
27174299,42381.15000000,0.00003000,1.27143450,1704069166312,False
27174300,42381.15000000,0.00003000,1.27143450,1704069168508,False
27174301,42381.13000000,0.00003000,1.27143390,1704069170846,False
27174302,42364.72000000,0.00100000,42.36472000,1704069172385,True
27174303,42364.29000000,0.00800000,338.91432000,1704069172385,True
27174304,42364.28000000,0.17988000,7620.48668640,1704069172385,True
27174305,42375.25000000,0.00013000,5.50878250,1704069172860,False
27174306,42375.25000000,0.00003000,1.27125750,1704069173461,False
27174307,42361.78000000,0.00003000,1.27085340,1704069176023,False
27174308,42361.78000000,0.00003000,1.27085340,1704069178529,True
27174309,42361.78000000,0.00003000,1.27085340,1704069180907,True
27174310,42361.78000000,0.00003000,1.27085340,1704069183138,True
27174311,42361.78000000,0.00003000,1.27085340,1704069185819,True
27174312,42361.78000000,0.00003000,1.27085340,1704069188178,True
27174313,42353.09000000,0.00003000,1.27059270,1704069190617,False
27174314,42353.09000000,0.00003000,1.27059270,1704069193150,False
27174315,42353.09000000,0.00003000,1.27059270,1704069195638,False
27174316,42353.09000000,0.00003000,1.27059270,1704069198012,False
27174317,42353.09000000,0.00702000,297.31869180,1704069198150,False
27174318,42353.09000000,0.00009000,3.81177810,1704069198150,False
27174319,42353.09000000,0.00006000,2.54118540,1704069198150,False
27174320,42353.09000000,0.00011000,4.65883990,1704069198150,False
27174321,42353.09000000,0.00006000,2.54118540,1704069199538,False
27174322,42353.09000000,0.00004000,1.69412360,1704069201444,False
27174323,42359.80000000,0.26325000,11151.21735000,1704069205810,False
27174324,42359.79000000,0.00043000,18.21470970,1704069207324,False
27174325,42359.79000000,0.00003000,1.27079370,1704069207747,False
27174326,42359.79000000,0.00003000,1.27079370,1704069210047,False
27174327,42359.79000000,0.00003000,1.27079370,1704069212602,False
27174328,42359.79000000,0.00003000,1.27079370,1704069215170,False
27174329,42356.59000000,0.00003000,1.27069770,1704069222887,False
27174330,42356.59000000,0.00003000,1.27069770,1704069225153,False
27174331,42356.59000000,0.00018000,7.62418620,1704069236966,False
27174332,42356.60000000,0.00038000,16.09550800,1704069236966,False
27174333,42352.69000000,0.00043000,18.21165670,1704069238217,True
27174334,42356.60000000,0.26287000,11134.27944200,1704069238369,False
27174335,42359.79000000,0.00033000,13.97873070,1704069243583,False
27174336,42352.69000000,0.00057000,24.14103330,1704069258986,True
27174337,42352.69000000,0.00313000,132.56391970,1704069258986,True
27174338,42352.69000000,0.00708000,299.85704520,1704069258986,True
27174339,42341.25000000,0.04021000,1702.54166250,1704069258986,True
27174340,42341.25000000,0.05099000,2158.98033750,1704069258990,True
27174341,42336.93000000,0.00020000,8.46738600,1704069288264,True
27174342,42336.94000000,0.00020000,8.46738800,1704069298236,True
27174343,42365.95000000,0.00020000,8.47319000,1704069334292,False
27174344,42355.25000000,0.00043000,18.21275750,1704069340470,False
27174345,42355.17000000,0.00020000,8.47103400,1704069344090,False
27174346,42355.11000000,0.00020000,8.47102200,1704069350728,False
27174347,42371.19000000,0.00708000,299.98802520,1704069373765,False
27174348,42371.20000000,0.01292000,547.43590400,1704069373765,False
27174349,42364.98000000,0.00024000,10.16759520,1704069392319,False
27174350,42345.53000000,0.00020000,8.46910600,1704069394014,True
27174351,42345.53000000,0.00020000,8.46910600,1704069404010,True
27174352,42345.53000000,0.00020000,8.46910600,1704069410547,True
27174353,42374.99000000,0.00800000,338.99992000,1704069430182,False
27174354,42375.00000000,0.02000000,847.50000000,1704069430182,False
27174355,42392.32000000,0.00631000,267.49553920,1704069430182,False
27174356,42392.33000000,0.00353000,149.64492490,1704069430182,False
27174357,42393.82000000,0.03293000,1396.02849260,1704069430182,False
27174358,42355.61000000,0.00003000,1.27066830,1704069431294,True
27174359,42391.87000000,0.00002000,0.84783740,1704069436571,False
27174360,42391.89000000,0.00800000,339.13512000,1704069453517,False
27174361,42391.90000000,0.01200000,508.70280000,1704069453517,False
27174362,42391.89000000,0.00796000,337.43944440,1704069464037,False
27174363,42355.65000000,0.00010000,4.23556500,1704069464222,True
27174364,42394.18000000,0.00037000,15.68584660,1704069470069,False
27174365,42394.35000000,0.00082000,34.76336700,1704069470069,False
27174366,42397.89000000,0.00112000,47.48563680,1704069470069,False
27174367,42397.88000000,0.00129000,54.69326520,1704069487953,False
27174368,42397.89000000,0.00485000,205.62976650,1704069510925,False
27174369,42397.89000000,0.00800000,339.18312000,1704069544660,False
27174370,42397.90000000,0.00654000,277.28226600,1704069544660,False
27174371,42397.90000000,0.01346000,570.67573400,1704069546374,False
27174372,42399.59000000,0.00108000,45.79155720,1704069546374,False
27174373,42399.60000000,0.01454000,616.49018400,1704069547155,False
27174374,42399.59000000,0.00100000,42.39959000,1704069548285,False
27174375,42399.60000000,0.01352000,573.24259200,1704069548285,False
27174376,42399.60000000,0.01452000,615.64219200,1704069548795,False
27174377,42399.60000000,0.01452000,615.64219200,1704069549399,False
27174378,42399.60000000,0.00682000,289.16527200,1704069552813,False
27174379,42399.60000000,0.00003000,1.27198800,1704069554019,False
27174380,42399.60000000,0.19930000,8450.24028000,1704069564518,False
27174381,42400.00000000,0.00708000,300.19200000,1704069564518,False
27174382,42400.01000000,0.00100000,42.40001000,1704069564518,False
27174383,42400.71000000,0.00003000,1.27202130,1704069568762,False
27174384,42403.63000000,0.00318000,134.84354340,1704069574810,False
27174385,42404.00000000,0.00045000,19.08180000,1704069574828,False
27174386,42381.03000000,0.00042000,17.80003260,1704069588569,True
27174387,42407.30000000,0.00024000,10.17775200,1704069599387,False
27174388,42385.36000000,0.00019000,8.05321840,1704069600109,True
27174389,42422.00000000,0.00050000,21.21100000,1704069603058,False
27174390,42407.40000000,0.00100000,42.40740000,1704069636382,True
27174391,42407.40000000,0.00575000,243.84255000,1704069636382,True
27174392,42426.60000000,0.00682000,289.34941200,1704069638814,False
27174393,42407.40000000,0.00029000,12.29814600,1704069641272,True
27174394,42407.40000000,0.00019000,8.05740600,1704069660101,True
27174395,42407.58000000,0.00100000,42.40758000,1704069670818,True
27174396,42407.58000000,0.00707000,299.82159060,1704069670818,True
27174397,42407.36000000,0.00800000,339.25888000,1704069670818,True
27174398,42407.35000000,0.02893000,1226.84463550,1704069670818,True
27174399,42407.36000000,0.00060000,25.44441600,1704069687533,True
27174400,42421.35000000,0.00682000,289.31360700,1704069695328,False
27174401,42411.49000000,0.00707000,299.84923430,1704069700243,False
27174402,42407.36000000,0.00043000,18.23516480,1704069701984,True
27174403,42407.37000000,0.00011000,4.66481070,1704069705839,True
27174404,42414.89000000,0.00682000,289.26954980,1704069717927,False
27174405,42407.37000000,0.00010000,4.24073700,1704069720108,True
27174406,42414.89000000,0.00100000,42.41489000,1704069740139,False
27174407,42414.90000000,0.00583000,247.27886700,1704069740139,False
27174408,42407.38000000,0.00100000,42.40738000,1704069751927,True
27174409,42407.38000000,0.00707000,299.82017660,1704069751927,True
27174410,42407.36000000,0.04292000,1820.12389120,1704069751927,True
27174411,42414.84000000,0.00683000,289.69335720,1704069761428,False
27174412,42421.80000000,0.02000000,848.43600000,1704069781966,False
27174413,42427.11000000,0.00683000,289.77716130,1704069791427,False
27174414,42427.11000000,0.02820000,1196.44450200,1704069793423,False
27174415,42426.76000000,0.00043000,18.24350680,1704069822807,False
27174416,42407.34000000,0.00100000,42.40734000,1704069835985,True
27174417,42407.34000000,0.00707000,299.81989380,1704069835985,True
27174418,42407.33000000,0.00800000,339.25864000,1704069835985,True
27174419,42407.32000000,0.21471000,9105.27567720,1704069835985,True
27174420,42407.30000000,0.00270000,114.49971000,1704069835985,True
27174421,42365.36000000,0.00094000,39.82343840,1704069838669,True
27174422,42365.36000000,0.00137000,58.04054320,1704069838669,True
27174423,42407.18000000,0.00047000,19.93137460,1704069857659,False
27174424,42425.78000000,0.00531000,225.28089180,1704069862684,False
27174425,42423.47000000,0.00707000,299.93393290,1704069914021,False
27174426,42423.79000000,0.00800000,339.39032000,1704069914021,False
27174427,42423.80000000,0.11326000,4804.91958800,1704069914021,False
27174428,42423.77000000,0.00150000,63.63565500,1704069916029,False
27174429,42423.80000000,0.06399000,2714.69896200,1704069916029,False
27174430,42423.79000000,0.00583000,247.33069570,1704069917192,False
27174431,42423.79000000,0.01555000,659.68993450,1704069918112,False
27174432,42423.80000000,0.00095000,40.30261000,1704069918130,False
27174433,42423.80000000,0.00045000,19.09071000,1704069919275,False
27174434,42423.80000000,0.01988000,843.38514400,1704069919854,False
27174435,42423.80000000,0.00222000,94.18083600,1704069921054,False
27174436,42423.80000000,0.00356000,151.02872800,1704069921996,False
27174437,42423.79000000,0.00013000,5.51509270,1704069922936,False
27174438,42423.80000000,0.05425000,2301.49115000,1704069923557,False
27174439,42423.80000000,0.00469000,198.96762200,1704069924537,False
27174440,42425.78000000,0.00270000,114.54960600,1704069924537,False
27174441,42423.79000000,0.04060000,1722.40587400,1704069926065,False
27174442,42423.80000000,0.00317000,134.48344600,1704069928032,False
27174443,42423.80000000,0.00051000,21.63613800,1704069929736,False
27174444,42423.79000000,0.00488000,207.02809520,1704069930479,False
27174445,42423.78000000,0.00847000,359.32941660,1704069931559,False
27174446,42426.60000000,0.00584000,247.77134400,1704069940011,False
27174447,42426.60000000,0.03813000,1617.72625800,1704069940880,False
27174448,42426.60000000,0.00514000,218.07272400,1704069942206,False
27174449,42393.65000000,0.00061000,25.86012650,1704069947712,True
27174450,42393.65000000,0.00046000,19.50107900,1704069947733,True
27174451,42426.60000000,0.01198000,508.27066800,1704069947879,False
27174452,42426.60000000,0.03647000,1547.29810200,1704069950924,False
27174453,42427.14000000,0.00049000,20.78929860,1704069955983,False
