id,price,qty,quote_qty,time,is_buyer_maker
27369259,43980.60000000,0.00023000,10.11553800,1704585600774,False
27369260,43952.92000000,0.00266000,116.91476720,1704585602020,True
27369261,43980.53000000,0.00453000,199.23180090,1704585604410,False
27369262,43980.48000000,0.00800000,351.84384000,1704585606091,False
27369263,43980.48000000,0.00085000,37.38340800,1704585607660,False
27369264,43969.20000000,0.00085000,37.37382000,1704585619715,True
27369265,43969.25000000,0.00062000,27.26093500,1704585645772,True
27369266,43969.25000000,0.00038000,16.70831500,1704585646444,True
27369267,43956.87000000,0.00198000,87.03460260,1704585646444,True
27369268,43980.62000000,0.00075000,32.98546500,1704585672943,False
27369269,43980.63000000,0.00010000,4.39806300,1704585672943,False
27369270,43951.19000000,0.00108000,47.46728520,1704585675499,True
27369271,43980.63000000,0.00108000,47.49908040,1704585681042,False
27369272,43980.63000000,0.00023000,10.11554490,1704585682271,False
27369273,43968.68000000,0.00055000,24.18277400,1704585683627,False
27369274,43968.00000000,0.00050000,21.98400000,1704585720126,True
27369275,43967.99000000,0.00033000,14.50943670,1704585723950,True
27369276,43967.99000000,0.00032000,14.06975680,1704585724091,True
27369277,43980.62000000,0.00076000,33.42527120,1704585726172,False
27369278,43980.63000000,0.00003000,1.31941890,1704585726262,False
27369279,43983.03000000,0.00136000,59.81692080,1704585728038,False
27369280,43984.23000000,0.00033000,14.51479590,1704585735678,False
27369281,43984.22000000,0.00074000,32.54832280,1704585780624,False
27369282,43984.22000000,0.00726000,319.32543720,1704585780624,False
27369283,43962.26000000,0.00085000,37.36792100,1704585792190,True
27369284,43960.00000000,0.00042000,18.46320000,1704585840314,True
27369285,43973.08000000,0.00023000,10.11380840,1704585841389,False
27369286,43973.08000000,0.00100000,43.97308000,1704585841541,False
27369287,43973.09000000,0.02627000,1155.17307430,1704585841541,False
27369288,43972.93000000,0.00021000,9.23431530,1704585858606,False
27369289,43972.92000000,0.00074000,32.53996080,1704585882790,False
27369290,43964.11000000,0.05000000,2198.20550000,1704585885304,True
27369291,43984.07000000,0.00073000,32.10837110,1704585966003,False
27369292,43984.07000000,0.00032000,14.07490240,1704585966003,False
27369293,43984.07000000,0.00005000,2.19920350,1704585967944,False
27369294,43984.07000000,0.00645000,283.69725150,1704585989295,False
27369295,43984.07000000,0.00041000,18.03346870,1704585989295,False
27369296,43984.08000000,0.00229000,100.72354320,1704585989295,False
27369297,43984.22000000,0.00784000,344.83628480,1704585989295,False
27369298,43964.77000000,0.00004000,1.75859080,1704586068895,True
27369299,43964.78000000,0.00100000,43.96478000,1704586111235,True
27369300,43964.78000000,0.00682000,299.83979960,1704586111235,True
27369301,43980.09000000,0.00023000,10.11542070,1704586112420,False
27369302,43964.11000000,0.00052000,22.86133720,1704586116995,True
27369303,43949.21000000,0.00042000,18.45866820,1704586136908,True
27369304,43979.61000000,0.00074000,32.54491140,1704586143557,False
27369305,43979.61000000,0.00254000,111.70820940,1704586143557,False
27369306,43948.65000000,0.00100000,43.94865000,1704586198782,True
27369307,43948.65000000,0.00682000,299.72979300,1704586198782,True
27369308,43943.85000000,0.00800000,351.55080000,1704586198782,True
27369309,43943.84000000,0.05099000,2240.69640160,1704586198782,True
27369310,43940.92000000,0.06148000,2701.48776160,1704586198782,True
27369311,43979.38000000,0.00034000,14.95298920,1704586201829,False
27369312,43979.35000000,0.00023000,10.11525050,1704586203126,False
27369313,43959.47000000,0.00100000,43.95947000,1704586321599,True
27369314,43959.47000000,0.00682000,299.80358540,1704586321599,True
27369315,43959.44000000,0.00030000,13.18783200,1704586321599,True
27369316,43953.33000000,0.00800000,351.62664000,1704586321599,True
27369317,43953.32000000,0.00458000,201.30620560,1704586321599,True
27369318,43978.62000000,0.00023000,10.11508260,1704586382453,False
27369319,43951.34000000,0.00007000,3.07659380,1704586470108,True
27369320,43970.00000000,0.00557000,244.91290000,1704586498284,True
27369321,43972.14000000,0.00682000,299.88999480,1704586503971,False
27369322,43979.41000000,0.00019000,8.35608790,1704586508039,False
27369323,43979.40000000,0.00076000,33.42434400,1704586513107,False
27369324,43979.41000000,0.00001000,0.43979410,1704586513107,False
27369325,43979.41000000,0.00051000,22.42949910,1704586514166,False
27369326,43979.61000000,0.00023000,10.11531030,1704586514375,False
27369327,43979.61000000,0.00016000,7.03673760,1704586514386,False
27369328,43979.61000000,0.00035000,15.39286350,1704586514386,False
27369329,43979.60000000,0.00075000,32.98470000,1704586556131,False
27369330,43979.61000000,0.00307000,135.01740270,1704586556213,False
27369331,43984.00000000,0.12117000,5329.54128000,1704586556213,False
27369332,43984.00000000,0.12136000,5337.89824000,1704586556272,False
27369333,43984.22000000,0.00042000,18.47337240,1704586556303,False
27369334,43984.23000000,0.00367000,161.42212410,1704586556446,False
27369335,43984.28000000,0.00400000,175.93712000,1704586556767,False
27369336,43984.46000000,0.00003000,1.31953380,1704586557029,False
27369337,43987.00000000,0.23543000,10355.85941000,1704586557122,False
27369338,43987.00000000,0.26457000,11637.64059000,1704586557351,False
27369339,43987.00000000,0.00202000,88.85374000,1704586557351,False
27369340,43987.47000000,0.00113000,49.70584110,1704586557351,False
27369341,43987.96000000,0.00072000,31.67133120,1704586557351,False
27369342,43988.11000000,0.00072000,31.67143920,1704586557351,False
27369343,43988.51000000,0.00003000,1.31965530,1704586557351,False
27369344,43989.64000000,0.00072000,31.67254080,1704586557351,False
27369345,43990.00000000,0.00150000,65.98500000,1704586557351,False
27369346,43990.77000000,0.00072000,31.67335440,1704586557351,False
27369347,43991.01000000,0.00079000,34.75289790,1704586558463,False
27369348,43991.92000000,0.00045000,19.79636400,1704586558463,False
27369349,43992.35000000,0.00079000,34.75395650,1704586558463,False
27369350,43994.37000000,0.00072000,31.67594640,1704586558463,False
27369351,43994.88000000,0.00072000,31.67631360,1704586558463,False
27369352,43995.53000000,0.00049000,21.55780970,1704586558463,False
27369353,43996.77000000,0.00072000,31.67767440,1704586558463,False
27369354,43997.03000000,0.00061000,26.83818830,1704586558463,False
27369355,43997.56000000,0.00004000,1.75990240,1704586558463,False
27369356,43998.07000000,0.00023000,10.11955610,1704586558463,False
27369357,43998.36000000,0.00400000,175.99344000,1704586558463,False
27369358,43998.59000000,0.00800000,351.98872000,1704586558463,False
27369359,43998.60000000,0.02720000,1196.76192000,1704586558463,False
27369360,43999.35000000,0.00072000,31.67953200,1704586558463,False
27369361,44000.00000000,0.00100000,44.00000000,1704586558463,False
27369362,44000.00000000,0.00100000,44.00000000,1704586558463,False
27369363,44000.00000000,0.00500000,220.00000000,1704586558463,False
27369364,44000.00000000,0.25000000,11000.00000000,1704586558463,False
27369365,44000.00000000,0.31845000,14011.80000000,1704586558463,False
27369366,44000.00000000,0.00032000,14.08000000,1704586558463,False
27369367,44000.62000000,0.02720000,1196.81686400,1704586558463,False
27369368,44001.21000000,0.00147000,64.68177870,1704586558463,False
27369369,44003.83000000,0.00003000,1.32011490,1704586559740,False
27369370,43975.35000000,0.00080000,35.18028000,1704586560108,True
27369371,43977.58000000,0.00800000,351.82064000,1704586562463,True
27369372,43977.58000000,0.00416000,182.94673280,1704586562463,True
27369373,44004.06000000,0.00006000,2.64024360,1704586562963,False
27369374,44004.06000000,0.00004000,1.76016240,1704586562963,False
27369375,44004.82000000,0.00009000,3.96043380,1704586562963,False
27369376,44004.83000000,0.00032000,14.08154560,1704586562963,False
27369377,44005.27000000,0.00031000,13.64163370,1704586562963,False
27369378,44006.66000000,0.00010000,4.40066600,1704586562963,False
27369379,44007.35000000,0.00117000,51.48859950,1704586562963,False
27369380,43975.34000000,0.00267000,117.41415780,1704586575697,True
27369381,43965.61000000,0.00100000,43.96561000,1704586578053,True
27369382,43965.61000000,0.00681000,299.40580410,1704586578053,True
27369383,43963.19000000,0.00800000,351.70552000,1704586587451,True
27369384,43963.18000000,0.00335000,147.27665300,1704586587451,True
27369385,43996.42000000,0.00023000,10.11917660,1704586587578,False
27369386,43991.17000000,0.00800000,351.92936000,1704586606309,False
27369387,43991.17000000,0.00681000,299.57986770,1704586606309,False
27369388,43991.18000000,0.00579000,254.70893220,1704586606309,False
27369389,43991.05000000,0.00681000,299.57905050,1704586628586,False
27369390,43991.08000000,0.00152000,66.86644160,1704586628586,False
27369391,43991.08000000,0.00053000,23.31527240,1704586628586,False
27369392,43991.12000000,0.00075000,32.99334000,1704586628586,False
27369393,43994.92000000,0.00035000,15.39822200,1704586681576,False
27369394,43994.91000000,0.00073000,32.11628430,1704586749039,False
27369395,43994.92000000,0.00228000,100.30841760,1704586750038,False
27369396,43994.92000000,0.00012000,5.27939040,1704586750038,False
27369397,43994.92000000,0.00027000,11.87862840,1704586750038,False
27369398,43994.93000000,0.00005000,2.19974650,1704586751040,False
27369399,43994.93000000,0.00013000,5.71934090,1704586751040,False
27369400,43994.93000000,0.00029000,12.75852970,1704586751040,False
27369401,43995.01000000,0.00008000,3.51960080,1704586752039,False
27369402,43995.65000000,0.00011000,4.83952150,1704586753040,False
27369403,43983.49000000,0.00022000,9.67636780,1704586800355,False
27369404,43991.98000000,0.00013000,5.71895740,1704586818479,False
27369405,43991.98000000,0.00023000,10.11815540,1704586819524,False
27369406,43991.98000000,0.00035000,15.39719300,1704586819935,False
27369407,43996.78000000,0.00192000,84.47381760,1704586819935,False
27369408,43966.73000000,0.00108000,47.48406840,1704586832613,True
27369409,43996.78000000,0.00108000,47.51652240,1704586838414,False
27369410,43996.77000000,0.00070000,30.79773900,1704586851038,False
27369411,43996.78000000,0.00060000,26.39806800,1704586851038,False
27369412,43996.78000000,0.00053000,23.31829340,1704586851038,False
27369413,44002.69000000,0.00132000,58.08355080,1704586851038,False
27369414,44002.68000000,0.00108000,47.52289440,1704586851095,False
27369415,44002.69000000,0.00071000,31.24190990,1704586851095,False
27369416,43980.00000000,0.00009000,3.95820000,1704586883487,True
27369417,43980.01000000,0.00050000,21.99000500,1704586920107,True
27369418,44003.50000000,0.00023000,10.12080500,1704586921471,False
27369419,44003.50000000,0.00013000,5.72045500,1704586921696,False
27369420,44003.50000000,0.00069000,30.36241500,1704586969590,False
27369421,44003.51000000,0.00072000,31.68252720,1704586972582,False
27369422,44003.83000000,0.00001000,0.44003830,1704586972582,False
27369423,44003.83000000,0.00017000,7.48065110,1704586973764,False
27369424,44002.99000000,0.00068000,29.92203320,1704587061374,False
27369425,44002.98000000,0.00054000,23.76160920,1704587071374,False
27369426,44002.98000000,0.00004000,1.76011920,1704587080109,False
27369427,43980.24000000,0.00013000,5.71743120,1704587081672,True
27369428,44002.98000000,0.00010000,4.40029800,1704587088727,False
27369429,44002.98000000,0.00004000,1.76011920,1704587088727,False
27369430,44002.98000000,0.00001000,0.44002980,1704587091894,False
27369431,44002.98000000,0.00020000,8.80059600,1704587091894,False
27369432,44003.83000000,0.00011000,4.84042130,1704587110224,False
27369433,44003.83000000,0.00009000,3.96034470,1704587118595,False
27369434,44003.83000000,0.00408000,179.53562640,1704587118595,False
27369435,44003.83000000,0.00011000,4.84042130,1704587118595,False
27369436,44006.12000000,0.00071000,31.24434520,1704587119042,False
27369437,44006.11000000,0.00066000,29.04403260,1704587120173,False
27369438,44006.11000000,0.00001000,0.44006110,1704587132854,False
27369439,44006.11000000,0.00176000,77.45075360,1704587132854,False
27369440,44006.11000000,0.00030000,13.20183300,1704587139188,False
27369441,43980.44000000,0.00108000,47.49887520,1704587141775,True
27369442,44006.12000000,0.00001000,0.44006120,1704587147444,False
27369443,44007.35000000,0.00089000,39.16654150,1704587147444,False
27369444,44007.77000000,0.00018000,7.92139860,1704587147444,False
27369445,44007.77000000,0.00053000,23.32411810,1704587147568,False
27369446,44007.77000000,0.00001000,0.44007770,1704587150376,False
27369447,44007.97000000,0.00029000,12.76231130,1704587150510,False
27369448,44007.97000000,0.00162000,71.29291140,1704587150641,False
27369449,44007.97000000,0.00209000,91.97665730,1704587156386,False
27369450,44008.16000000,0.00034000,14.96277440,1704587156618,False
27369451,44008.16000000,0.00002000,0.88016320,1704587157086,False
27369452,44008.34000000,0.00002000,0.88016680,1704587157086,False
27369453,44008.34000000,0.00068000,29.92567120,1704587157294,False
27369454,43983.69000000,0.00040000,17.59347600,1704587160109,True
27369455,43983.69000000,0.00006000,2.63902140,1704587160540,True
27369456,44008.33000000,0.00064000,28.16533120,1704587163864,False
27369457,44008.32000000,0.00047000,20.68391040,1704587165674,False
27369458,43983.71000000,0.00072000,31.66827120,1704587166111,True
27369459,43999.59000000,0.00170000,74.79930300,1704587179418,False
27369460,43983.73000000,0.00100000,43.98373000,1704587195076,True
27369461,43983.72000000,0.00322000,141.62757840,1704587195076,True
27369462,43980.24000000,0.00072000,31.66577280,1704587195076,True
27369463,43985.98000000,0.00064000,28.15102720,1704587200777,False
27369464,43985.98000000,0.00014000,6.15803720,1704587200777,False
27369465,43983.79000000,0.00100000,43.98379000,1704587232963,True
27369466,43983.79000000,0.00681000,299.52960990,1704587232963,True
27369467,43983.78000000,0.00003000,1.31951340,1704587232963,True
27369468,43989.66000000,0.00018000,7.91813880,1704587268586,False
27369469,43989.64000000,0.00013000,5.71865320,1704587271465,False
27369470,43965.55000000,0.00100000,43.96555000,1704587309312,True
27369471,43962.51000000,0.00036000,15.82650360,1704587309312,True
27369472,43960.10000000,0.00206000,90.55780600,1704587309312,True
27369473,43942.79000000,0.00045000,19.77425550,1704587327823,True
27369474,43942.79000000,0.00045000,19.77425550,1704587327827,True
27369475,43942.79000000,0.00045000,19.77425550,1704587328056,True
27369476,43942.79000000,0.00045000,19.77425550,1704587328508,True
27369477,43956.17000000,0.00068000,29.89019560,1704587340113,False
27369478,43956.17000000,0.00222000,97.58269740,1704587340113,False
27369479,43942.54000000,0.00100000,43.94254000,1704587342949,True
27369480,43942.53000000,0.00003000,1.31827590,1704587342949,True
27369481,43925.00000000,0.00056000,24.59800000,1704587352455,True
27369482,43924.07000000,0.00032000,14.05570240,1704587356137,True
27369483,43922.88000000,0.00045000,19.76529600,1704587357331,True
27369484,43935.78000000,0.00227000,99.73422060,1704587382302,False
27369485,43935.78000000,0.00221000,97.09807380,1704587388083,False
27369486,43935.78000000,0.00221000,97.09807380,1704587389083,False
27369487,43935.78000000,0.00013000,5.71165140,1704587392010,False
27369488,43935.83000000,0.00069000,30.31572270,1704587392010,False
27369489,43966.68000000,0.00034000,14.94867120,1704587402092,False
27369490,43966.67000000,0.00131000,57.59633770,1704587402120,False
27369491,43966.66000000,0.00800000,351.73328000,1704587402316,False
27369492,43966.67000000,0.04345000,1910.35181150,1704587402316,False
27369493,43966.68000000,0.04818000,2118.31464240,1704587402316,False
27369494,43966.67000000,0.00130000,57.15667100,1704587402700,False
27369495,43966.67000000,0.00350000,153.88334500,1704587403077,False
27369496,43966.68000000,0.48223000,21202.05209640,1704587403077,False
27369497,43966.71000000,0.00227000,99.80443170,1704587403187,False
27369498,43966.73000000,0.04299000,1890.12972270,1704587403187,False
27369499,43966.73000000,0.00009000,3.95700570,1704587403427,False
27369500,43970.83000000,0.00056000,24.62366480,1704587403427,False
27369501,43970.83000000,0.00682000,299.88106060,1704587403427,False
27369502,43977.58000000,0.05099000,2242.41680420,1704587403427,False
27369503,43977.90000000,0.20873000,9179.50706700,1704587403427,False
27369504,43988.51000000,0.00003000,1.31965530,1704587403427,False
27369505,43989.78000000,0.00003000,1.31969340,1704587403427,False
27369506,43991.92000000,0.00045000,19.79636400,1704587403427,False
27369507,43993.89000000,0.00643000,282.88071270,1704587403427,False
27369508,43994.19000000,0.00440000,193.57443600,1704587403427,False
27369509,43986.80000000,0.05099000,2242.88693200,1704587403986,False
27369510,43993.10000000,0.18311000,8055.57654100,1704587403986,False
27369511,43952.03000000,0.00600000,263.71218000,1704587404017,True
27369512,43993.10000000,0.02491000,1095.86812100,1704587404257,False
27369513,43993.10000000,0.00023000,10.11841300,1704587404550,False
27369514,43993.10000000,0.00658000,289.47459800,1704587404597,False
27369515,43994.18000000,0.03543000,1558.71379740,1704587404597,False
27369516,43994.18000000,0.00113000,49.71342340,1704587404945,False
27369517,43994.28000000,0.04067000,1789.24736760,1704587405247,False
27369518,44005.00000000,0.20497000,9019.70485000,1704587405247,False
27369519,44005.52000000,0.01173000,516.18474960,1704587405247,False
27369520,43968.88000000,0.00013000,5.71595440,1704587405352,True
27369521,44005.51000000,0.01654000,727.85113540,1704587405365,False
27369522,44005.51000000,0.02346000,1032.36926460,1704587405819,False
27369523,44005.52000000,0.58603000,25788.55488560,1704587405819,False
27369524,44006.92000000,0.00008000,3.52055360,1704587405819,False
27369525,44007.02000000,0.00130000,57.20912600,1704587405819,False
27369526,44007.02000000,0.00017000,7.48119340,1704587405819,False
27369527,44007.10000000,0.05893000,2593.33840300,1704587405819,False
27369528,44007.09000000,0.04000000,1760.28360000,1704587405977,False
27369529,44007.10000000,0.09958000,4382.22701800,1704587405977,False
27369530,44007.35000000,0.00206000,90.65514100,1704587406525,False
27369531,44008.16000000,0.00036000,15.84293760,1704587406525,False
27369532,44008.34000000,0.00002000,0.88016680,1704587406525,False
27369533,44008.34000000,0.00569000,250.40745460,1704587406525,False
27369534,44008.62000000,0.01112000,489.37585440,1704587406525,False
27369535,44008.62000000,0.01179000,518.86162980,1704587406536,False
27369536,43988.80000000,0.00072000,31.67193600,1704587406637,False
27369537,44008.62000000,0.02910000,1280.65084200,1704587406637,False
27369538,44008.62000000,0.00277000,121.90387740,1704587406934,False
27369539,44007.65000000,0.02613000,1149.91989450,1704587406995,False
27369540,44007.65000000,0.00156000,68.65193400,1704587407109,False
27369541,44008.62000000,0.01873000,824.28145260,1704587407391,False
27369542,44008.62000000,0.01318000,580.03361160,1704587407686,False
27369543,44008.62000000,0.03728000,1640.64135360,1704587407847,False
27369544,44008.61000000,0.05131000,2258.08177910,1704587408285,False
27369545,44008.61000000,0.06245000,2748.33769450,1704587408334,False
27369546,44008.61000000,0.02370000,1043.00405700,1704587408710,False
27369547,44008.61000000,0.00201000,88.45730610,1704587408949,False
27369548,44008.61000000,0.01030000,453.28868300,1704587409085,False
27369549,44008.61000000,0.00069000,30.36594090,1704587409398,False
27369550,44008.60000000,0.01109000,488.05537400,1704587409459,False
27369551,44008.60000000,0.01380000,607.31868000,1704587409793,False
27369552,44008.60000000,0.00608000,267.57228800,1704587409826,False
27369553,44008.60000000,0.00903000,397.39765800,1704587410205,False
27369554,44008.61000000,0.03399000,1495.85265390,1704587410205,False
27369555,44008.60000000,0.03107000,1367.34720200,1704587410497,False
27369556,44008.60000000,0.00893000,392.99679800,1704587410584,False
27369557,44008.61000000,0.00205000,90.21765050,1704587410584,False
27369558,44008.61000000,0.02040000,897.77564400,1704587411130,False
27369559,44008.60000000,0.02279000,1002.95599400,1704587411864,False
27369560,44008.60000000,0.00500000,220.04300000,1704587412000,False
27369561,44008.59000000,0.01221000,537.34488390,1704587412462,False
27369562,44008.59000000,0.02194000,965.54846460,1704587413031,False
27369563,44008.61000000,0.00116000,51.04998760,1704587414095,False
27369564,44008.61000000,0.00408000,179.55512880,1704587414466,False
27369565,44008.61000000,0.00500000,220.04305000,1704587414803,False
27369566,44008.61000000,0.01473000,648.24682530,1704587415057,False
27369567,44008.61000000,0.18378000,8087.90234580,1704587415568,False
27369568,44008.61000000,0.06901000,3037.03417610,1704587416306,False
27369569,44008.61000000,0.02596000,1142.46351560,1704587416469,False
27369570,44008.60000000,0.00100000,44.00860000,1704587416852,False
27369571,43999.69000000,0.00023000,10.11992870,1704587417576,False
27369572,43999.69000000,0.01724000,758.55465560,1704587417636,False
27369573,43999.69000000,0.00500000,219.99845000,1704587417665,False
27369574,43999.69000000,0.02323000,1022.11279870,1704587417889,False
27369575,43999.70000000,0.17807000,7835.02657900,1704587417889,False
27369576,43999.69000000,0.00376000,165.43883440,1704587418190,False
27369577,43999.69000000,0.15945000,7015.75057050,1704587418531,False
27369578,43999.69000000,0.00532000,234.07835080,1704587418822,False
27369579,43999.69000000,0.00146000,64.23954740,1704587419336,False
27369580,43999.68000000,0.00210000,92.39932800,1704587419749,False
27369581,43999.68000000,0.00132000,58.07957760,1704587420125,False
27369582,43999.67000000,0.00500000,219.99835000,1704587420518,False
27369583,43999.66000000,0.01672000,735.67431520,1704587420577,False
27369584,43999.65000000,0.01869000,822.35345850,1704587421503,False
27369585,43999.69000000,0.00753000,331.31766570,1704587422396,False
27369586,43999.68000000,0.04408000,1939.50589440,1704587423022,False
27369587,43999.68000000,0.00068000,29.91978240,1704587423022,False
27369588,43999.69000000,0.00589000,259.15817410,1704587423022,False
27369589,43999.69000000,0.04101000,1804.42728690,1704587423585,False
27369590,43999.69000000,0.10009000,4403.92897210,1704587424180,False
27369591,43999.68000000,0.02517000,1107.47194560,1704587424641,False
27369592,43999.68000000,0.00653000,287.31791040,1704587424908,False
27369593,43999.68000000,0.01152000,506.87631360,1704587425538,False
27369594,44008.59000000,0.01254000,551.86771860,1704587425538,False
27369595,44008.57000000,0.04248000,1869.48405360,1704587426050,False
27369596,44008.56000000,0.02698000,1187.35094880,1704587426677,False
27369597,44008.54000000,0.03319000,1460.64344260,1704587427217,False
27369598,44008.53000000,0.01503000,661.44820590,1704587427871,False
27369599,44008.51000000,0.00865000,380.67361150,1704587428456,False
27369600,44008.51000000,0.00514000,226.20374140,1704587429083,False
27369601,44008.49000000,0.03413000,1502.00976370,1704587429661,False
27369602,44008.49000000,0.00707000,311.14002430,1704587430225,False
27369603,44008.56000000,0.07201000,3169.05640560,1704587430225,False
27369604,44008.57000000,0.02945000,1296.05238650,1704587430225,False
27369605,44008.56000000,0.04067000,1789.82813520,1704587430959,False
27369606,44008.57000000,0.02268000,998.11436760,1704587430959,False
27369607,44008.57000000,0.00649000,285.61561930,1704587431523,False
27369608,44008.56000000,0.00190000,83.61626400,1704587432058,False
27369609,44002.60000000,0.00621000,273.25614600,1704587432436,False
27369610,44002.60000000,0.03227000,1419.96390200,1704587432948,False
27369611,44008.56000000,0.04130000,1817.55352800,1704587444436,False
27369612,44008.57000000,0.00580000,255.24970600,1704587444436,False
27369613,44008.57000000,0.01665000,732.74269050,1704587445156,False
27369614,44008.57000000,0.06647000,2925.24964790,1704587445742,False
27369615,44008.60000000,0.00885000,389.47611000,1704587446285,False
27369616,44008.60000000,0.00006000,2.64051600,1704587446474,False
27369617,44008.60000000,0.00495000,217.84257000,1704587446952,False
27369618,44008.60000000,0.13119000,5773.48823400,1704587447517,False
27369619,44008.60000000,0.02686000,1182.07099600,1704587448054,False
27369620,44008.60000000,0.00501000,220.48308600,1704587448620,False
27369621,43987.47000000,0.00108000,47.50646760,1704587450631,True
27369622,43989.00000000,0.00329000,144.72381000,1704587460108,True
27369623,44004.99000000,0.00067000,29.48334330,1704587463135,False
27369624,44005.00000000,0.00200000,88.01000000,1704587463135,False
27369625,43990.96000000,0.00032000,14.07710720,1704587464342,True
27369626,44007.99000000,0.00013000,5.72103870,1704587465566,False
27369627,44008.00000000,0.03030000,1333.44240000,1704587468801,False
27369628,44008.00000000,0.02151000,946.61208000,1704587468816,False
27369629,44008.00000000,0.17327000,7625.26616000,1704587469806,False
27369630,44008.00000000,0.13288000,5847.78304000,1704587471386,False
27369631,44008.00000000,0.07496000,3298.83968000,1704587472606,False
27369632,44008.60000000,0.03446000,1516.53635600,1704587472606,False
27369633,43997.28000000,0.00013000,5.71964640,1704587474180,True
27369634,44008.60000000,0.04346000,1912.61375600,1704587476145,False
27369635,44008.60000000,0.02536000,1116.05809600,1704587477394,False
27369636,44008.60000000,0.00023000,10.12197800,1704587477416,False
27369637,44008.60000000,0.03871000,1703.57290600,1704587480897,False
27369638,44008.60000000,0.02377000,1046.08442200,1704587483574,False
27369639,44006.00000000,0.00072000,31.68432000,1704587489628,False
27369640,44008.58000000,0.00065000,28.60557700,1704587519278,False
27369641,44008.60000000,0.00935000,411.48041000,1704587519278,False
27369642,44008.60000000,0.28983000,12755.01253800,1704587519399,False
27369643,44002.45000000,0.00170000,74.80416500,1704587520098,True
27369644,44009.00000000,0.00682000,300.14138000,1704587520106,False
27369645,44009.37000000,0.00011000,4.84103070,1704587520312,False
27369646,44009.37000000,0.00389000,171.19644930,1704587520352,False
27369647,44009.64000000,0.00008000,3.52077120,1704587520352,False
27369648,44009.78000000,0.00127000,55.89242060,1704587520352,False
27369649,44010.37000000,0.00072000,31.68746640,1704587520352,False
27369650,44010.50000000,0.00004000,1.76042000,1704587520352,False
27369651,44010.58000000,0.00028000,12.32296240,1704587520352,False
27369652,44010.86000000,0.00072000,31.68781920,1704587520352,False
27369653,44011.00000000,0.00300000,132.03300000,1704587520352,False
27369654,44011.00000000,0.23117000,10174.02287000,1704587521094,False
27369655,44011.63000000,0.00061000,26.84709430,1704587521604,False
27369656,44012.13000000,0.00072000,31.68873360,1704587521604,False
27369657,44013.22000000,0.00003000,1.32039660,1704587521604,False
27369658,44013.22000000,0.00029000,12.76383380,1704587521604,False
27369659,44013.22000000,0.00029000,12.76383380,1704587521604,False
27369660,44013.52000000,0.00012000,5.28162240,1704587521604,False
27369661,44003.77000000,0.00029000,12.76109330,1704587525077,True
27369662,44014.26000000,0.00012000,5.28171120,1704587526531,False
27369663,44014.26000000,0.00017000,7.48242420,1704587527182,False
27369664,44014.26000000,0.00029000,12.76413540,1704587527182,False
27369665,44015.29000000,0.00048000,21.12733920,1704587528094,False
27369666,44015.43000000,0.00108000,47.53666440,1704587528201,False
27369667,44016.48000000,0.00174000,76.58867520,1704587528201,False
27369668,44016.67000000,0.00017000,7.48283390,1704587528201,False
27369669,44017.03000000,0.00072000,31.69226160,1704587528201,False
27369670,44017.07000000,0.00306000,134.69223420,1704587528201,False
27369671,44017.19000000,0.00050000,22.00859500,1704587528201,False
27369672,44017.20000000,0.00273000,120.16695600,1704587528201,False
27369673,44017.20000000,0.02437000,1072.69916400,1704587528211,False
27369674,44018.79000000,0.02720000,1197.31108800,1704587528211,False
27369675,44018.97000000,0.00400000,176.07588000,1704587528211,False
27369676,44020.00000000,0.00033000,14.52660000,1704587528211,False
27369677,44020.00000000,0.14795000,6512.75900000,1704587528211,False
27369678,44005.71000000,0.00007000,3.08039970,1704587528933,True
27369679,44006.36000000,0.00003000,1.32019080,1704587529922,True
27369680,44020.00000000,0.49415000,21752.48300000,1704587534095,False
27369681,44020.38000000,0.00273000,120.17563740,1704587535097,False
27369682,44020.40000000,0.02047000,901.09758800,1704587536095,False
27369683,44008.65000000,0.00100000,44.00865000,1704587558384,True
27369684,44008.65000000,0.00681000,299.69890650,1704587558384,True
27369685,44008.65000000,0.00004000,1.76034600,1704587558384,True
27369686,44006.43000000,0.00280000,123.21800400,1704587558384,True
27369687,43993.44000000,0.00006000,2.63960640,1704587589911,True
27369688,43994.96000000,0.00300000,131.98488000,1704587590888,True
27369689,44017.51000000,0.00066000,29.05155660,1704587606831,False
27369690,44017.68000000,0.00041000,18.04724880,1704587606831,False
27369691,44017.68000000,0.00033000,14.52583440,1704587616768,False
27369692,44017.68000000,0.00104000,45.77838720,1704587616768,False
27369693,44008.83000000,0.00060000,26.40529800,1704587640110,True
27369694,44008.88000000,0.00800000,352.07104000,1704587642860,True
27369695,44008.88000000,0.00100000,44.00888000,1704587642860,True
27369696,44021.27000000,0.00023000,10.12489210,1704587643408,False
27369697,44008.90000000,0.00369000,162.39284100,1704587662802,True
27369698,44021.27000000,0.00065000,28.61382550,1704587738116,False
27369699,44021.28000000,0.00013000,5.72276640,1704587738116,False
27369700,44021.28000000,0.00013000,5.72276640,1704587738116,False
27369701,44021.38000000,0.00022000,9.68470360,1704587740521,False
27369702,44021.38000000,0.00065000,28.61389700,1704587740521,False
27369703,44021.78000000,0.00014000,6.16304920,1704587740521,False
27369704,44021.78000000,0.00009000,3.96196020,1704587740521,False
27369705,44021.78000000,0.00014000,6.16304920,1704587740521,False
27369706,44023.97000000,0.00053000,23.33270410,1704587740521,False
27369707,44023.99000000,0.00007000,3.08167930,1704587740521,False
27369708,44024.26000000,0.00072000,31.69746720,1704587740521,False
27369709,44024.71000000,0.00085000,37.42100350,1704587740521,False
27369710,44012.78000000,0.00050000,22.00639000,1704587760118,True
27369711,44024.70000000,0.00063000,27.73556100,1704587779045,False
27369712,44024.71000000,0.00315000,138.67783650,1704587779110,False
27369713,44024.71000000,0.00003000,1.32074130,1704587779110,False
27369714,44024.93000000,0.00047000,20.69171710,1704587780110,False
27369715,44024.93000000,0.00019000,8.36473670,1704587780110,False
27369716,44025.00000000,0.00048000,21.13200000,1704587781110,False
27369717,44019.10000000,0.00005000,2.20095500,1704587782077,True
27369718,44025.73000000,0.00004000,1.76102920,1704587782111,False
27369719,44026.08000000,0.00010000,4.40260800,1704587783111,False
27369720,44029.21000000,0.00072000,31.70103120,1704587783481,False
27369721,44029.31000000,0.00039000,17.17143090,1704587783550,False
27369722,44029.64000000,0.00109000,47.99230760,1704587783550,False
27369723,44029.98000000,0.00400000,176.11992000,1704587783580,False
27369724,44030.15000000,0.00049000,21.57477350,1704587784047,False
27369725,44030.45000000,0.00021000,9.24639450,1704587784047,False
27369726,44031.32000000,0.00072000,31.70255040,1704587784047,False
27369727,44031.39000000,0.00034000,14.97067260,1704587784047,False
27369728,44033.56000000,0.00005000,2.20167800,1704587784047,False
27369729,44034.48000000,0.00003000,1.32103440,1704587784047,False
27369730,44034.94000000,0.00068000,29.94375920,1704587784047,False
27369731,44035.72000000,0.00400000,176.14288000,1704587784047,False
27369732,44037.58000000,0.00251000,110.53432580,1704587784112,False
27369733,44039.02000000,0.00200000,88.07804000,1704587784137,False
27369734,44014.03000000,0.00100000,44.01403000,1704587784191,True
27369735,44014.03000000,0.00454000,199.82369620,1704587784191,True
27369736,44039.02000000,0.02520000,1109.78330400,1704587785111,False
27369737,44014.21000000,0.00172000,75.70444120,1704587785632,True
27369738,44039.02000000,0.00172000,75.74711440,1704587785887,True
27369739,44039.02000000,0.00343000,151.05383860,1704587785937,True
27369740,44039.02000000,0.00172000,75.74711440,1704587786000,True
27369741,44039.02000000,0.00343000,151.05383860,1704587786067,True
27369742,44039.21000000,0.00068000,29.94666280,1704587786112,False
27369743,44039.02000000,0.00045000,19.81755900,1704587787076,True
27369744,44039.45000000,0.00072000,31.70840400,1704587787111,False
27369745,44040.99000000,0.00022000,9.68901780,1704587788097,False
27369746,44040.99000000,0.00285000,125.51682150,1704587788122,False
27369747,44040.99000000,0.00093000,40.95812070,1704587789046,False
27369748,44041.63000000,0.00035000,15.41457050,1704587789046,False
27369749,44043.38000000,0.00330000,145.34315400,1704587789046,False
27369750,44043.62000000,0.00004000,1.76174480,1704587789046,False
27369751,44043.85000000,0.00006000,2.64263100,1704587789046,False
27369752,44045.56000000,0.00100000,44.04556000,1704587789046,False
27369753,44046.08000000,0.00072000,31.71317760,1704587789046,False
27369754,44046.56000000,0.00016000,7.04744960,1704587789046,False
27369755,44046.56000000,0.00014000,6.16651840,1704587789046,False
27369756,44046.74000000,0.00400000,176.18696000,1704587789046,False
27369757,44049.53000000,0.00012000,5.28594360,1704587789046,False
27369758,44049.99000000,0.00800000,352.39992000,1704587789046,False
27369759,44050.00000000,0.10902000,4802.33100000,1704587789046,False
27369760,44039.04000000,0.00006000,2.64234240,1704587791329,True
27369761,44050.00000000,0.00023000,10.13150000,1704587792534,False
27369762,44050.00000000,0.00099000,43.60950000,1704587795340,False
27369763,44039.18000000,0.00394000,173.51436920,1704587805878,True
27369764,44049.99000000,0.00007000,3.08349930,1704587814176,False
27369765,44039.19000000,0.00100000,44.03919000,1704587820155,True
27369766,44039.04000000,0.00180000,79.27027200,1704587820155,True
27369767,44039.03000000,0.00029000,12.77131870,1704587824227,True
27369768,44049.98000000,0.00050000,22.02499000,1704587824245,False
27369769,44049.98000000,0.00014000,6.16699720,1704587825316,False
27369770,44049.98000000,0.00102000,44.93097960,1704587825316,False
27369771,44049.98000000,0.00116000,51.09797680,1704587825349,False
27369772,44049.98000000,0.00409000,180.16441820,1704587826729,False
27369773,44039.04000000,0.00225000,99.08784000,1704587832900,True
27369774,44049.98000000,0.00054000,23.78698920,1704587839115,False
27369775,44049.99000000,0.00400000,176.19996000,1704587842798,False
27369776,44050.00000000,0.00115000,50.65750000,1704587842798,False
27369777,44050.00000000,0.15564000,6855.94200000,1704587855395,False
27369778,44049.99000000,0.00065000,28.63249350,1704587876439,False
27369779,44050.00000000,0.47819000,21064.26950000,1704587877119,False
27369780,44041.15000000,0.00030000,13.21234500,1704587880105,True
27369781,44050.00000000,0.25478000,11223.05900000,1704587890014,False
27369782,44050.00000000,0.00175000,77.08750000,1704587890014,False
27369783,44050.79000000,0.00087000,38.32418730,1704587890014,False
27369784,44050.80000000,0.00047000,20.70387600,1704587890014,False
27369785,44050.84000000,0.00072000,31.71660480,1704587890014,False
27369786,44051.61000000,0.00072000,31.71715920,1704587890014,False
27369787,44052.01000000,0.00400000,176.20804000,1704587890014,False
27369788,44052.36000000,0.00043000,18.94251480,1704587890014,False
27369789,44053.86000000,0.00036000,15.85938960,1704587891764,False
27369790,44054.21000000,0.00127000,55.94884670,1704587891764,False
27369791,44054.30000000,0.00313000,137.88995900,1704587891764,False
27369792,44054.30000000,0.00050000,22.02715000,1704587891764,False
27369793,44054.65000000,0.00205000,90.31203250,1704587891764,False
27369794,44044.39000000,0.00010000,4.40443900,1704587893157,True
27369795,44054.98000000,0.00024000,10.57319520,1704587900604,False
27369796,44055.09000000,0.07747000,3412.94782230,1704587900604,False
27369797,44055.51000000,0.00011000,4.84610610,1704587900604,False
27369798,44054.98000000,0.00008000,3.52439840,1704587901244,False
27369799,44057.75000000,0.00400000,176.23100000,1704587901244,False
27369800,44057.75000000,0.00049000,21.58829750,1704587901244,False
27369801,44059.47000000,0.00114000,50.22779580,1704587901244,False
27369802,44059.47000000,0.00088000,38.77233360,1704587901244,False
27369803,44059.01000000,0.00008000,3.52472080,1704587903046,False
27369804,44054.98000000,0.00101000,44.49552980,1704587903561,False
27369805,44054.98000000,0.00003000,1.32164940,1704587904248,False
27369806,44039.45000000,0.02848000,1254.24353600,1704587904739,True
27369807,44060.96000000,0.00045000,19.82743200,1704587905355,False
27369808,44060.96000000,0.00129000,56.83863840,1704587906043,True
27369809,44062.50000000,0.00056000,24.67500000,1704587906129,False
27369810,44063.02000000,0.00111000,48.90995220,1704587906129,False
27369811,44060.97000000,0.00009000,3.96548730,1704587907044,True
27369812,44060.97000000,0.00014000,6.16853580,1704587907143,True
27369813,44063.01000000,0.00064000,28.20032640,1704587913549,False
27369814,44063.02000000,0.00289000,127.34212780,1704587913549,False
27369815,44064.00000000,0.00681000,300.07584000,1704587913549,False
27369816,44060.97000000,0.00077000,33.92694690,1704587913957,True
27369817,44060.96000000,0.00018000,7.93097280,1704587913957,True
27369818,44065.44000000,0.00306000,134.84024640,1704587920323,False
27369819,44068.76000000,0.00400000,176.27504000,1704587934804,False
27369820,44069.91000000,0.00003000,1.32209730,1704587934804,False
27369821,44070.80000000,0.00114000,50.24071200,1704587934804,False
27369822,44071.47000000,0.00510000,224.76449700,1704587934804,False
27369823,44073.72000000,0.00023000,10.13695560,1704587935926,False
27369824,44073.72000000,0.00091000,40.10708520,1704587936201,False
27369825,44073.96000000,0.00003000,1.32221880,1704587936201,False
27369826,44074.03000000,0.00400000,176.29612000,1704587936201,False
27369827,44076.28000000,0.00072000,31.73492160,1704587936201,False
27369828,44076.99000000,0.00031000,13.66386690,1704587936201,False
27369829,44079.65000000,0.00072000,31.73734800,1704587936282,False
27369830,44079.79000000,0.00400000,176.31916000,1704587936282,False
27369831,44080.35000000,0.00012000,5.28964200,1704587936282,False
27369832,44080.46000000,0.00003000,1.32241380,1704587936282,False
27369833,44080.63000000,0.00072000,31.73805360,1704587936282,False
27369834,44080.77000000,0.00010000,4.40807700,1704587936282,False
27369835,44081.11000000,0.00004000,1.76324440,1704587936282,False
27369836,44081.11000000,0.00107000,47.16678770,1704587936282,False
27369837,44081.11000000,0.00004000,1.76324440,1704587936282,False
27369838,44083.47000000,0.00016000,7.05335520,1704587936282,False
27369839,44084.27000000,0.00079000,34.82657330,1704587936315,False
27369840,44085.06000000,0.00400000,176.34024000,1704587936315,False
27369841,44085.43000000,0.00049000,21.60186070,1704587936315,False
27369842,44086.30000000,0.00099000,43.64543700,1704587936315,False
27369843,44086.46000000,0.00069000,30.41965740,1704587936315,False
27369844,44090.81000000,0.00212000,93.47251720,1704587936350,False
27369845,44090.81000000,0.00188000,82.89072280,1704587936384,False
27369846,44092.58000000,0.00182000,80.24849560,1704587936384,False
27369847,44092.80000000,0.00152000,67.02105600,1704587936384,False
27369848,44093.11000000,0.00006000,2.64558660,1704587936384,False
27369849,44066.30000000,0.00046000,20.27049800,1704587939858,True
27369850,44066.31000000,0.00270000,118.97903700,1704587940134,True
27369851,44096.08000000,0.00400000,176.38432000,1704587940221,False
27369852,44097.28000000,0.00050000,22.04864000,1704587940221,False
27369853,44097.29000000,0.05099000,2248.52081710,1704587940221,False
27369854,44098.55000000,0.00015000,6.61478250,1704587940221,False
27369855,44098.69000000,0.00127000,56.00533630,1704587940221,False
27369856,44098.80000000,0.00047000,20.72643600,1704587940221,False
27369857,44099.60000000,0.00036000,15.87585600,1704587940221,False
27369858,44100.00000000,0.01092000,481.57200000,1704587940221,False
27369859,44100.00000000,0.07100000,3131.10000000,1704587940221,False
27369860,44100.00000000,0.00100000,44.10000000,1704587940221,False
27369861,44100.00000000,0.03916000,1726.95600000,1704587940221,False
27369862,44100.00000000,0.00100000,44.10000000,1704587940221,False
27369863,44101.83000000,0.00400000,176.40732000,1704587940221,False
27369864,44102.01000000,0.00205000,90.40912050,1704587940221,False
27369865,44102.54000000,0.00030000,13.23076200,1704587940221,False
27369866,44105.71000000,0.00003000,1.32317130,1704587940715,False
27369867,44105.72000000,0.00137000,60.42483640,1704587941595,False
27369868,44105.75000000,0.00028000,12.34961000,1704587941595,False
27369869,44106.29000000,0.00004000,1.76425160,1704587941595,False
27369870,44107.11000000,0.00400000,176.42844000,1704587942123,False
27369871,44107.12000000,0.00022000,9.70356640,1704587942123,False
27369872,44108.33000000,0.00056000,24.70066480,1704587942123,False
27369873,44108.43000000,0.00024000,10.58602320,1704587942123,False
27369874,44108.44000000,0.00009000,3.96975960,1704587942123,False
27369875,44109.31000000,0.00028000,12.35060680,1704587942123,False
27369876,44109.33000000,0.00139000,61.31196870,1704587942123,False
27369877,44112.46000000,0.00116000,51.17045360,1704587942123,False
27369878,44112.86000000,0.00400000,176.45144000,1704587942123,False
27369879,44113.14000000,0.00022000,9.70489080,1704587942123,False
27369880,44113.33000000,0.00010000,4.41133300,1704587942123,False
27369881,44113.86000000,0.00306000,134.98841160,1704587942123,False
27369882,44116.15000000,0.00099000,43.67498850,1704587942123,False
27369883,44116.81000000,0.00007000,3.08817670,1704587942123,False
27369884,44085.53000000,0.00009000,3.96769770,1704587943165,True
27369885,44085.43000000,0.00034000,14.98904620,1704587944026,True
27369886,44085.23000000,0.00103000,45.40778690,1704587944164,True
27369887,44085.33000000,0.00029000,12.78474570,1704587944295,True
27369888,44085.34000000,0.00029000,12.78474860,1704587944564,True
27369889,44117.95000000,0.00012000,5.29415400,1704587946780,False
27369890,44103.15000000,0.00072000,31.75426800,1704587949821,False
27369891,44094.11000000,0.00322000,141.98303420,1704587949969,True
27369892,44117.96000000,0.00064000,28.23549440,1704587950014,False
27369893,44117.97000000,0.00005000,2.20589850,1704587950014,False
27369894,44118.14000000,0.00400000,176.47256000,1704587950014,False
27369895,44119.51000000,0.00011000,4.85314610,1704587950014,False
27369896,44123.89000000,0.00400000,176.49556000,1704587950014,False
27369897,44124.33000000,0.00041000,18.09097530,1704587950014,False
27369898,44124.08000000,0.00180000,79.42334400,1704587950525,False
27369899,44125.00000000,0.00219000,96.63375000,1704587950525,False
27369900,44126.44000000,0.00003000,1.32379320,1704587950525,False
27369901,44128.65000000,0.00072000,31.77262800,1704587951394,False
27369902,44129.17000000,0.00400000,176.51668000,1704587951394,False
27369903,44130.00000000,0.00045000,19.85850000,1704587951394,False
27369904,44130.00000000,0.00033000,14.56290000,1704587951394,False
27369905,44130.33000000,0.00006000,2.64781980,1704587951394,False
27369906,44131.08000000,0.00417000,184.02660360,1704587951394,False
27369907,44131.52000000,0.00069000,30.45074880,1704587951394,False
27369908,44133.00000000,0.00204000,90.03132000,1704587952030,False
27369909,44134.93000000,0.00400000,176.53972000,1704587952030,False
27369910,44135.00000000,0.00048000,21.18480000,1704587952030,False
27369911,44137.99000000,0.00157000,69.29664430,1704587953127,False
27369912,44138.00000000,0.00068000,30.01384000,1704587953127,False
27369913,44140.08000000,0.00216000,95.34257280,1704587953127,False
27369914,44140.21000000,0.00400000,176.56084000,1704587953127,False
27369915,44140.70000000,0.00049000,21.62894300,1704587953127,False
27369916,44141.54000000,0.00005000,2.20707700,1704587953127,False
27369917,44142.52000000,0.00031000,13.68418120,1704587953127,False
27369918,44115.20000000,0.00013000,5.73497600,1704587954172,True
27369919,44101.84000000,0.00005000,2.20509200,1704587956174,True
27369920,44143.21000000,0.00023000,10.15293830,1704587957561,False
27369921,44143.21000000,0.00023000,10.15293830,1704587957605,False
27369922,44122.09000000,0.00072000,31.76790480,1704587957654,False
27369923,44143.20000000,0.00022000,9.71150400,1704587960771,False
27369924,44143.20000000,0.00023000,10.15293600,1704587961478,False
27369925,44143.20000000,0.00235000,103.73652000,1704587966973,False
27369926,44143.21000000,0.00081000,35.75600010,1704587966973,False
27369927,44145.96000000,0.00400000,176.58384000,1704587966973,False
27369928,44146.08000000,0.00072000,31.78517760,1704587966973,False
27369929,44146.58000000,0.00095000,41.93925100,1704587966973,False
27369930,44147.09000000,0.00014000,6.18059260,1704587966973,False
27369931,44147.28000000,0.00096000,42.38138880,1704587966973,False
27369932,44148.63000000,0.00091000,40.17525330,1704587966973,False
27369933,44148.99000000,0.00189000,83.44159110,1704587966973,False
27369934,44149.00000000,0.27363000,12080.49087000,1704587968228,False
27369935,44149.00000000,0.05590000,2467.92910000,1704587968753,False
27369936,44149.00000000,0.14967000,6607.78083000,1704587969488,False
27369937,44149.00000000,0.00099000,43.70751000,1704587969654,False
27369938,44148.99000000,0.00100000,44.14899000,1704587970420,False
27369939,44149.00000000,0.23625000,10430.20125000,1704587970420,False
27369940,44149.00000000,0.07177000,3168.57373000,1704587971874,False
27369941,44149.00000000,0.03876000,1711.21524000,1704587972384,False
27369942,44115.30000000,0.00800000,352.92240000,1704587972512,True
27369943,44115.30000000,0.00679000,299.54288700,1704587972512,True
27369944,44106.98000000,0.05099000,2249.01491020,1704587972512,True
27369945,44104.22000000,0.00674000,297.26244280,1704587972512,True
27369946,44098.70000000,0.03238000,1427.91590600,1704587972512,True
27369947,44098.69000000,0.00127000,56.00533630,1704587972512,True
27369948,44085.43000000,0.00049000,21.60186070,1704587972512,True
27369949,44085.35000000,0.00100000,44.08535000,1704587972512,True
27369950,44080.46000000,0.00003000,1.32241380,1704587972512,True
27369951,44065.44000000,0.00306000,134.84024640,1704587972512,True
27369952,44062.50000000,0.00056000,24.67500000,1704587972512,True
27369953,44060.96000000,0.00010000,4.40609600,1704587972512,True
27369954,44147.76000000,0.01762000,777.88353120,1704587972925,False
27369955,44147.76000000,0.00131000,57.83356560,1704587973427,False
27369956,44147.76000000,0.01026000,452.95601760,1704587973954,False
27369957,44098.40000000,0.00072000,31.75084800,1704587974231,True
27369958,44098.39000000,0.00008000,3.52787120,1704587974240,True
27369959,44098.39000000,0.00008000,3.52787120,1704587974393,True
27369960,44147.75000000,0.00470000,207.49442500,1704587974476,False
27369961,44147.75000000,0.00445000,196.45748750,1704587975449,False
27369962,44147.75000000,0.00234000,103.30573500,1704587976261,False
27369963,44147.75000000,0.00400000,176.59100000,1704587976261,False
27369964,44147.76000000,0.00739000,326.25194640,1704587976261,False
27369965,44109.73000000,0.00056000,24.70144880,1704587977742,True
27369966,44149.00000000,0.02404000,1061.34196000,1704587981906,False
27369967,44149.00000000,0.00137000,60.48413000,1704587982006,False
27369968,44147.76000000,0.00127000,56.06765520,1704587982405,True
27369969,44147.76000000,0.00041000,18.10058160,1704587983387,True
27369970,44147.76000000,0.00306000,135.09214560,1704587983841,True
27369971,44147.76000000,0.00049000,21.63240240,1704587984104,True
27369972,44147.76000000,0.00003000,1.32443280,1704587984108,True
27369973,44147.76000000,0.01178000,520.06061280,1704587985991,True
27369974,44112.45000000,0.00155000,68.37429750,1704587985991,True
27369975,44148.99000000,0.00150000,66.22348500,1704587990676,False
27369976,44148.99000000,0.00608000,268.42585920,1704587990676,False
27369977,44149.00000000,0.00023000,10.15427000,1704587991775,False
27369978,44148.99000000,0.00006000,2.64893940,1704587996315,True
27369979,44148.99000000,0.00920000,406.17070800,1704588000126,True
27369980,44148.99000000,0.00453000,199.99492470,1704588003026,True
27369981,44148.99000000,0.04432000,1956.68323680,1704588003126,True
27369982,44148.99000000,0.00008000,3.53191920,1704588003126,True
27369983,44148.99000000,0.00008000,3.53191920,1704588003126,True
27369984,44148.98000000,0.04800000,2119.15104000,1704588003875,False
27369985,44148.99000000,0.24351000,10750.72055490,1704588003875,False
27369986,44148.98000000,0.00107000,47.23940860,1704588005888,False
27369987,44148.96000000,0.00100000,44.14896000,1704588006052,True
27369988,44124.53000000,0.00341000,150.46464730,1704588015752,True
27369989,44124.57000000,0.00454000,200.32554780,1704588017218,True
27369990,44124.65000000,0.00035000,15.44362750,1704588022008,True
27369991,44148.99000000,0.00800000,353.19192000,1704588031768,False
27369992,44148.99000000,0.00050000,22.07449500,1704588032129,False
27369993,44149.00000000,0.27885000,12310.94865000,1704588033128,False
27369994,44149.00000000,0.02251000,993.79399000,1704588035747,False
27369995,44114.45000000,0.00045000,19.85150250,1704588036515,True
27369996,44114.45000000,0.00045000,19.85150250,1704588036744,True
27369997,44149.00000000,0.01087000,479.89963000,1704588037053,False
27369998,44114.46000000,0.00045000,19.85150700,1704588037305,True
27369999,44124.66000000,0.00045000,19.85609700,1704588037820,True
27370000,44148.99000000,0.00067000,29.57982330,1704588038293,False
27370001,44148.99000000,0.00050000,22.07449500,1704588038293,False
27370002,44124.66000000,0.00045000,19.85609700,1704588038323,True
27370003,44149.00000000,0.01587000,700.64463000,1704588040012,False
27370004,44149.00000000,0.00023000,10.15427000,1704588040404,False
27370005,44149.00000000,0.00090000,39.73410000,1704588041079,False
27370006,44149.00000000,0.01219000,538.17631000,1704588041596,False
27370007,44149.00000000,0.01006000,444.13894000,1704588043197,False
27370008,44149.00000000,0.00081000,35.76069000,1704588044233,False
27370009,44149.00000000,0.00082000,36.20218000,1704588044746,False
27370010,44149.00000000,0.04961000,2190.23189000,1704588045268,False
27370011,44149.00000000,0.04962000,2190.67338000,1704588045783,False
27370012,44149.00000000,0.01088000,480.34112000,1704588046328,False
27370013,44149.00000000,0.00816000,360.25584000,1704588050169,False
27370014,44129.61000000,0.00003000,1.32388830,1704588055025,True
27370015,44129.63000000,0.00020000,8.82592600,1704588058033,True
27370016,44148.99000000,0.00050000,22.07449500,1704588059404,False
27370017,44149.00000000,0.01592000,702.85208000,1704588059404,False
27370018,44149.00000000,0.01934000,853.84166000,1704588068814,False
27370019,44148.99000000,0.00066000,29.13833340,1704588072164,False
27370020,44149.00000000,0.02106000,929.77794000,1704588072164,False
27370021,44149.00000000,0.00067000,29.57983000,1704588072170,False
27370022,44149.00000000,0.02155000,951.41095000,1704588072174,False
27370023,44148.99000000,0.00006000,2.64893940,1704588121956,False
27370024,44148.99000000,0.00059000,26.04790410,1704588121972,False
27370025,44149.00000000,0.00006000,2.64894000,1704588121972,False
27370026,44130.80000000,0.00717000,316.41783600,1704588173526,False
27370027,44144.00000000,0.00079000,34.87376000,1704588180113,False
27370028,44143.99000000,0.00064000,28.25215360,1704588193000,False
27370029,44144.00000000,0.00161000,71.07184000,1704588193000,False
27370030,44144.00000000,0.00065000,28.69360000,1704588193015,False
27370031,44144.00000000,0.00065000,28.69360000,1704588195014,False
27370032,44130.15000000,0.00309000,136.36216350,1704588200700,True
27370033,44129.14000000,0.00967000,426.72878380,1704588206599,False
27370034,44129.14000000,0.04033000,1779.72821620,1704588209099,False
27370035,44144.00000000,0.00978000,431.72832000,1704588212749,False
27370036,44141.71000000,0.00226000,99.76026460,1704588220662,False
27370037,44127.61000000,0.00212000,93.55053320,1704588225814,False
27370038,44135.30000000,0.00063000,27.80523900,1704588240107,False
27370039,44144.00000000,0.00087000,38.40528000,1704588240107,False
27370040,44144.00000000,0.00013000,5.73872000,1704588240805,False
27370041,44144.00000000,0.00087000,38.40528000,1704588260826,False
27370042,44144.00000000,0.00013000,5.73872000,1704588261804,False
27370043,44144.00000000,0.00019000,8.38736000,1704588264055,False
27370044,44143.99000000,0.00030000,13.24319700,1704588279664,False
27370045,44128.13000000,0.00800000,353.02504000,1704588285028,True
27370046,44128.13000000,0.00679000,299.63000270,1704588285028,True
27370047,44128.12000000,0.00043000,18.97509160,1704588285028,True
27370048,44143.99000000,0.00023000,10.15311770,1704588287720,False
27370049,44126.95000000,0.00003000,1.32380850,1704588288478,True
27370050,44143.99000000,0.00009000,3.97295910,1704588299404,False
27370051,44143.99000000,0.00034000,15.00895660,1704588299404,False
27370052,44143.99000000,0.00262000,115.65725380,1704588302043,False
27370053,44143.99000000,0.00024000,10.59455760,1704588304976,False
27370054,44143.98000000,0.00037000,16.33327260,1704588351236,False
27370055,44143.97000000,0.00008000,3.53151760,1704588395838,False
27370056,44143.98000000,0.00005000,2.20719900,1704588395838,False
27370057,44143.98000000,0.00679000,299.73762420,1704588395838,False
27370058,44143.99000000,0.00249000,109.91853510,1704588395838,False
27370059,44143.99000000,0.00093000,41.05391070,1704588407130,False
27370060,44142.79000000,0.00400000,176.57116000,1704588421076,False
27370061,44142.80000000,0.00431000,190.25546800,1704588421076,False
27370062,44139.80000000,0.00043000,18.98011400,1704588453295,False
27370063,44121.41000000,0.00486000,214.43005260,1704588455811,True
27370064,44139.80000000,0.00046000,20.30430800,1704588477921,False
27370065,44139.80000000,0.00087000,38.40162600,1704588485956,False
27370066,44139.80000000,0.00020000,8.82796000,1704588486949,False
27370067,44139.80000000,0.00031000,13.68333800,1704588487076,False
27370068,44139.80000000,0.00043000,18.98011400,1704588487076,False
27370069,44139.80000000,0.00015000,6.62097000,1704588487076,False
27370070,44139.80000000,0.00022000,9.71075600,1704588487076,False
27370071,44139.80000000,0.00003000,1.32419400,1704588487076,False
27370072,44139.80000000,0.00057000,25.15968600,1704588487367,False
27370073,44139.80000000,0.00034000,15.00753200,1704588487466,False
27370074,44139.80000000,0.00013000,5.73817400,1704588487466,False
27370075,44139.80000000,0.00024000,10.59355200,1704588487466,False
27370076,44139.80000000,0.00043000,18.98011400,1704588488058,True
27370077,44139.80000000,0.00002000,0.88279600,1704588488058,True
27370078,44139.81000000,0.00100000,44.13981000,1704588490258,True
27370079,44139.80000000,0.00055000,24.27689000,1704588490258,True
27370080,44139.80000000,0.00026000,11.47634800,1704588490258,True
27370081,44139.83000000,0.05099000,2250.68993170,1704588524099,True
27370082,44139.89000000,0.00011000,4.85538790,1704588526284,True
27370083,44143.99000000,0.00062000,27.36927380,1704588527942,False
27370084,44144.00000000,0.03433000,1515.46352000,1704588527942,False
27370085,44144.00000000,0.05000000,2207.20000000,1704588527942,False
27370086,44144.50000000,0.10000000,4414.45000000,1704588529270,False
27370087,44148.00000000,0.00056000,24.72288000,1704588529270,False
27370088,44149.00000000,0.67853000,29956.42097000,1704588529270,False
27370089,44149.00000000,0.02392000,1056.04408000,1704588529919,False
27370090,44148.99000000,0.00023000,10.15426770,1704588530502,False
27370091,44149.00000000,0.24341000,10746.30809000,1704588530516,False
27370092,44148.99000000,0.00500000,220.74495000,1704588534208,False
27370093,44149.00000000,0.11340000,5006.49660000,1704588534208,False
27370094,44149.41000000,0.00205000,90.50629050,1704588534208,False
27370095,44150.00000000,0.00125000,55.18750000,1704588534208,False
27370096,44150.87000000,0.00026000,11.47922620,1704588536085,False
27370097,44150.94000000,0.00036000,15.89433840,1704588536085,False
27370098,44151.24000000,0.00400000,176.60496000,1704588536085,False
27370099,44151.33000000,0.00072000,31.78895760,1704588536085,False
27370100,44152.58000000,0.00172000,75.94243760,1704588536085,False
27370101,44152.93000000,0.01089000,480.82540770,1704588536085,False
27370102,44154.17000000,0.00056000,24.72633520,1704588536085,False
27370103,44154.98000000,0.00057000,25.16833860,1704588538939,False
27370104,44140.04000000,0.00070000,30.89802800,1704588540112,True
27370105,44154.98000000,0.01087000,479.96463260,1704588541762,False
27370106,44155.00000000,0.00020000,8.83100000,1704588541762,False
27370107,44155.26000000,0.00005000,2.20776300,1704588541762,False
27370108,44157.00000000,0.00032000,14.13024000,1704588541762,False
27370109,44157.00000000,0.00368000,162.49776000,1704588541773,False
27370110,44157.51000000,0.00079000,34.88443290,1704588541773,False
27370111,44157.80000000,0.00072000,31.79361600,1704588541773,False
27370112,44158.45000000,0.00229000,101.12285050,1704588541773,False
27370113,44158.52000000,0.00050000,22.07926000,1704588541773,False
27370114,44158.53000000,0.19470000,8597.66579100,1704588541773,False
27370115,44159.13000000,0.00183000,80.81120790,1704588541773,False
27370116,44159.13000000,0.00182000,80.36961660,1704588541773,False
27370117,44160.00000000,0.00100000,44.16000000,1704588541773,False
27370118,44162.29000000,0.00600000,264.97374000,1704588541773,False
27370119,44162.30000000,0.00039000,17.22329700,1704588541773,False
27370120,44162.33000000,0.00305000,134.69510650,1704588541773,False
27370121,44163.84000000,0.00072000,31.79796480,1704588541773,False
27370122,44164.02000000,0.00007000,3.09148140,1704588541773,False
27370123,44165.40000000,0.00023000,10.15804200,1704588547753,False
27370124,44167.74000000,0.00023000,10.15858020,1704588548525,False
27370125,44165.40000000,0.00008000,3.53323200,1704588548743,True
27370126,44165.40000000,0.00057000,25.17427800,1704588548743,True
27370127,44164.96000000,0.00935000,412.94237600,1704588548743,True
27370128,44165.40000000,0.00047000,20.75773800,1704588549545,True
27370129,44167.74000000,0.00080000,35.33419200,1704588557330,False
27370130,44165.63000000,0.00090000,39.74906700,1704588562305,True
27370131,44167.73000000,0.00030000,13.25031900,1704588563441,False
27370132,44167.73000000,0.00008000,3.53341840,1704588564637,False
27370133,44167.74000000,0.00037000,16.34206380,1704588564637,False
27370134,44168.05000000,0.00400000,176.67220000,1704588564637,False
27370135,44171.94000000,0.00003000,1.32515820,1704588567672,False
27370136,44171.94000000,0.00019000,8.39266860,1704588567672,False
27370137,44172.41000000,0.00003000,1.32517230,1704588567672,False
27370138,44173.33000000,0.00600000,265.03998000,1704588567672,False
27370139,44175.45000000,0.00008000,3.53403600,1704588567672,False
27370140,44176.01000000,0.00055000,24.29680550,1704588567672,False
27370141,44176.63000000,0.00060000,26.50597800,1704588567672,False
27370142,44176.91000000,0.00243000,107.34989130,1704588567672,False
27370143,44178.43000000,0.00858000,379.05092940,1704588567672,False
27370144,44179.09000000,0.00400000,176.71636000,1704588567672,False
27370145,44179.51000000,0.00123000,54.34079730,1704588567672,False
27370146,44179.95000000,0.00012000,5.30159400,1704588567672,False
27370147,44180.03000000,0.00325000,143.58509750,1704588567672,False
27370148,44180.80000000,0.00051000,22.53220800,1704588567672,False
27370149,44181.92000000,0.00021000,9.27820320,1704588567672,False
27370150,44183.62000000,0.00230000,101.62232600,1704588567749,False
27370151,44183.62000000,0.00020000,8.83672400,1704588567749,False
27370152,44184.04000000,0.00072000,31.81250880,1704588570804,False
27370153,44184.20000000,0.00012000,5.30210400,1704588570804,False
27370154,44184.37000000,0.00600000,265.10622000,1704588570804,False
27370155,44184.88000000,0.00029000,12.81361520,1704588570804,False
27370156,44185.00000000,0.00679000,300.01615000,1704588570804,False
27370157,44185.47000000,0.00027000,11.93007690,1704588570804,False
27370158,44186.69000000,0.00006000,2.65120140,1704588570804,False
27370159,44187.29000000,0.00004000,1.76749160,1704588570804,False
27370160,44190.14000000,0.00400000,176.76056000,1704588570804,False
27370161,44190.31000000,0.00055000,24.30467050,1704588570804,False
27370162,44191.23000000,0.00036000,15.90884280,1704588570804,False
27370163,44191.61000000,0.00006000,2.65149660,1704588570804,False
27370164,44191.73000000,0.00202000,89.26729460,1704588570804,False
27370165,44192.46000000,0.02047000,904.61965620,1704588570804,False
27370166,44195.42000000,0.00600000,265.17252000,1704588570804,False
27370167,44195.98000000,0.00049000,21.65603020,1704588570804,False
27370168,44196.64000000,0.00114000,50.38416960,1704588570804,False
27370169,44196.79000000,0.00432000,190.93013280,1704588570804,False
27370170,44196.86000000,0.00205000,90.60356300,1704588570804,False
27370171,44198.00000000,0.00113000,49.94374000,1704588570804,False
27370172,44198.05000000,0.00004000,1.76792200,1704588570804,False
27370173,44198.92000000,0.02057000,909.17178440,1704588570804,False
27370174,44199.04000000,0.00045000,19.88956800,1704588570804,False
27370175,44199.21000000,0.01371000,605.97116910,1704588570804,False
27370176,44199.31000000,0.00052000,22.98364120,1704588570804,False
27370177,44199.61000000,0.00079000,34.91769190,1704588570804,False
27370178,44200.00000000,0.00056000,24.75200000,1704588570804,False
27370179,44200.00000000,0.00205000,90.61000000,1704588570804,False
27370180,44199.99000000,0.00265000,117.12997350,1704588573605,False
27370181,44200.00000000,0.01242000,548.96400000,1704588573605,False
27370182,44200.00000000,0.00003000,1.32600000,1704588575273,False
27370183,44168.75000000,0.00004000,1.76675000,1704588577158,True
27370184,44198.35000000,0.00005000,2.20991750,1704588577527,False
27370185,44171.68000000,0.00080000,35.33734400,1704588578707,True
27370186,44171.69000000,0.00280000,123.68073200,1704588580907,True
27370187,44171.69000000,0.00678000,299.48405820,1704588580907,True
27370188,44171.68000000,0.00800000,353.37344000,1704588580907,True
27370189,44171.67000000,0.05099000,2252.31345330,1704588580907,True
27370190,44165.84000000,0.03363000,1485.29719920,1704588580907,True
27370191,44198.35000000,0.00128000,56.57388800,1704588581474,False
27370192,44198.35000000,0.00678000,299.66481300,1704588581474,False
27370193,44200.00000000,0.08423000,3722.96600000,1704588581474,False
27370194,44200.00000000,0.00100000,44.20000000,1704588581474,False
27370195,44200.00000000,0.04774000,2110.10800000,1704588581474,False
27370196,44200.00000000,0.00500000,221.00000000,1704588581474,False
27370197,44200.00000000,0.00100000,44.20000000,1704588581474,False
27370198,44200.00000000,0.00200000,88.40000000,1704588581474,False
27370199,44201.19000000,0.00400000,176.80476000,1704588581474,False
27370200,44183.12000000,0.00004000,1.76732480,1704588582235,True
27370201,44201.67000000,0.00020000,8.84033400,1704588582698,False
27370202,44202.08000000,0.00004000,1.76808320,1704588582698,False
27370203,44203.45000000,0.00091000,40.22513950,1704588582698,False
27370204,44204.50000000,0.00012000,5.30454000,1704588584555,False
27370205,44201.67000000,0.00007000,3.09411690,1704588585320,True
27370206,44182.66000000,0.00021000,9.27835860,1704588585574,True
27370207,44204.50000000,0.00007000,3.09431500,1704588592532,False
27370208,44204.88000000,0.00016000,7.07278080,1704588592532,False
27370209,44182.68000000,0.00100000,44.18268000,1704588598323,True
27370210,44182.68000000,0.00678000,299.55857040,1704588598323,True
27370211,44182.67000000,0.00095000,41.97353650,1704588598323,True
27370212,44182.68000000,0.00019000,8.39470920,1704588599528,True
27370213,44182.68000000,0.00659000,291.16386120,1704588600112,True
27370214,44182.67000000,0.00081000,35.78796270,1704588600112,True
27370215,44204.87000000,0.00062000,27.40701940,1704588600119,False
27370216,44204.87000000,0.00678000,299.70901860,1704588600119,False
27370217,44204.88000000,0.00007000,3.09434160,1704588600119,False
27370218,44204.98000000,0.00080000,35.36398400,1704588600119,False
27370219,44205.67000000,0.00072000,31.82808240,1704588600119,False
27370220,44183.32000000,0.00262000,115.76029840,1704588602007,True
27370221,44185.95000000,0.00038000,16.79066100,1704588607899,True
27370222,44206.47000000,0.00023000,10.16748810,1704588608476,False
27370223,44200.00000000,0.00226000,99.89200000,1704588614625,False
27370224,44206.47000000,0.00577000,255.07133190,1704588614625,False
27370225,44206.47000000,0.00678000,299.71986660,1704588614625,False
27370226,44208.26000000,0.00072000,31.82994720,1704588614625,False
27370227,44208.57000000,0.00012000,5.30502840,1704588614625,False
27370228,44209.03000000,0.00800000,353.67224000,1704588614625,False
27370229,44209.18000000,0.00722000,319.19027960,1704588614625,False
27370230,44209.49000000,0.00022000,9.72608780,1704588616217,False
27370231,44210.02000000,0.00012000,5.30520240,1704588621331,False
27370232,44210.57000000,0.00031000,13.70527670,1704588621331,False
27370233,44210.86000000,0.00305000,134.84312300,1704588621331,False
27370234,44211.00000000,0.05099000,2254.31889000,1704588621336,True
27370235,44211.00000000,0.00011000,4.86321000,1704588622592,True
27370236,44211.20000000,0.00010000,4.42112000,1704588629009,False
27370237,44211.01000000,0.00006000,2.65266060,1704588630859,True
27370238,44211.01000000,0.00094000,41.55834940,1704588634345,True
27370239,44211.00000000,0.00376000,166.23336000,1704588634345,True
27370240,44211.19000000,0.00022000,9.72646180,1704588643157,False
27370241,44211.19000000,0.00012000,5.30534280,1704588645868,False
27370242,44211.00000000,0.01980000,875.37780000,1704588650827,True
27370243,44211.00000000,0.00146000,64.54806000,1704588651462,True
27370244,44211.19000000,0.00245000,108.31741550,1704588652528,False
27370245,44211.20000000,0.00024000,10.61068800,1704588654192,False
27370246,44211.30000000,0.00038000,16.80029400,1704588654192,False
27370247,44211.00000000,0.00493000,217.96023000,1704588660106,True
27370248,44211.30000000,0.00024000,10.61071200,1704588662172,False
27370249,44211.53000000,0.00049000,21.66364970,1704588662172,False
27370250,44212.02000000,0.00914000,404.09786280,1704588662172,False
27370251,44212.24000000,0.00400000,176.84896000,1704588662172,False
27370252,44213.73000000,0.00251000,110.97646230,1704588662172,False
27370253,44213.80000000,0.00072000,31.83393600,1704588662172,False
27370254,44214.07000000,0.00068000,30.06556760,1704588662172,False
27370255,44215.00000000,0.00095000,42.00425000,1704588662172,False
27370256,44215.29000000,0.00099000,43.77313710,1704588662172,False
27370257,44217.49000000,0.00500000,221.08745000,1704588662172,False
27370258,44217.53000000,0.00600000,265.30518000,1704588662172,False
27370259,44218.39000000,0.00003000,1.32655170,1704588662172,False
27370260,44219.45000000,0.00106000,46.87261700,1704588662172,False
27370261,44219.59000000,0.00072000,31.83810480,1704588662172,False
27370262,44220.00000000,0.00010000,4.42200000,1704588662172,False
27370263,44221.38000000,0.00012000,5.30656560,1704588662172,False
27370264,44222.26000000,0.00008000,3.53778080,1704588662172,False
27370265,44223.30000000,0.00400000,176.89320000,1704588662172,False
27370266,44223.68000000,0.00045000,19.90065600,1704588662172,False
27370267,44225.00000000,0.00226000,99.94850000,1704588662172,False
27370268,44227.65000000,0.00079000,34.93984350,1704588662172,False
27370269,44228.14000000,0.00358000,158.33674120,1704588662172,False
27370270,44228.58000000,0.00600000,265.37148000,1704588662172,False
27370271,44211.06000000,0.00258000,114.06453480,1704588662497,True
27370272,44231.00000000,0.00006000,2.65386000,1704588664687,False
27370273,44211.30000000,0.00080000,35.36904000,1704588669570,False
27370274,44211.30000000,0.11298000,4994.99267400,1704588670064,False
27370275,44213.73000000,0.00075000,33.16029750,1704588670064,False
27370276,44213.73000000,0.00168000,74.27906640,1704588672013,False
27370277,44230.99000000,0.00006000,2.65385940,1704588680955,False
27370278,44223.68000000,0.66672000,29484.81192960,1704588691430,False
27370279,44182.22000000,0.00317000,140.05763740,1704588692220,True
27370280,44182.23000000,0.00046000,20.32382580,1704588692393,True
27370281,44182.32000000,0.00379000,167.45099280,1704588697957,True
27370282,44182.33000000,0.00325000,143.59257250,1704588700822,True
27370283,44182.33000000,0.00353000,155.96362490,1704588701768,True
27370284,44182.33000000,0.00186000,82.17913380,1704588701773,False
27370285,44201.49000000,0.00050000,22.10074500,1704588702170,False
27370286,44222.58000000,0.00099000,43.78035420,1704588706643,False
27370287,44200.75000000,0.00003000,1.32602250,1704588707382,True
27370288,44219.15000000,0.00072000,31.83778800,1704588711173,False
27370289,44219.15000000,0.00678000,299.80583700,1704588711173,False
27370290,44223.47000000,0.00063000,27.86078610,1704588713174,False
27370291,44223.69000000,0.00718000,317.52609420,1704588714174,False
27370292,44230.63000000,0.00023000,10.17304490,1704588715657,False
27370293,44230.49000000,0.00039000,17.24989110,1704588718310,False
27370294,44215.11000000,0.00216000,95.50463760,1704588733356,True
27370295,44215.11000000,0.00086000,38.02499460,1704588733897,True
27370296,44215.11000000,0.00006000,2.65290660,1704588742407,True
27370297,44230.46000000,0.00062000,27.42288520,1704588743971,False
27370298,44230.47000000,0.00052000,22.99984440,1704588743971,False
27370299,44215.12000000,0.00100000,44.21512000,1704588744486,True
27370300,44215.00000000,0.00101000,44.65715000,1704588744486,True
27370301,44215.00000000,0.00577000,255.12055000,1704588744583,True
27370302,44218.70000000,0.00425000,187.92947500,1704588745447,False
27370303,44202.36000000,0.00342000,151.17207120,1704588745972,True
27370304,44210.94000000,0.00232000,102.56938080,1704588784460,True
27370305,44230.29000000,0.00232000,102.61427280,1704588784479,False
27370306,44210.94000000,0.00234000,103.45359960,1704588784498,True
27370307,44230.29000000,0.00234000,103.49887860,1704588784510,False
27370308,44210.94000000,0.00234000,103.45359960,1704588784574,True
27370309,44230.29000000,0.00212000,93.76821480,1704588784593,False
27370310,44230.30000000,0.00022000,9.73066600,1704588784593,False
27370311,44228.66000000,0.00134000,59.26640440,1704588807318,False
27370312,44228.67000000,0.00062000,27.42177540,1704588807318,False
27370313,44228.69000000,0.00250000,110.57172500,1704588807318,False
27370314,44228.70000000,0.20873000,9231.85655100,1704588807318,False
27370315,44230.29000000,0.00393000,173.82503970,1704588807318,False
27370316,44231.00000000,0.91708000,40563.36548000,1704588807318,False
27370317,44231.01000000,0.48008000,21234.42328080,1704588807318,False
27370318,44232.16000000,0.00029000,12.82732640,1704588807318,False
27370319,44232.32000000,0.00018000,7.96181760,1704588807318,False
27370320,44232.64000000,0.00061000,26.98191040,1704588807318,False
27370321,44233.80000000,0.00064000,28.30963200,1704588807318,False
27370322,44234.35000000,0.00400000,176.93740000,1704588807318,False
27370323,44234.87000000,0.00030000,13.27046100,1704588807318,False
27370324,44237.11000000,0.00036000,15.92535960,1704588807318,False
27370325,44237.30000000,0.00137000,60.60510100,1704588807318,False
27370326,44239.64000000,0.00600000,265.43784000,1704588807318,False
27370327,44240.00000000,0.00033000,14.59920000,1704588807318,False
27370328,44240.00000000,0.00100000,44.24000000,1704588807318,False
27370329,44241.19000000,0.00024000,10.61788560,1704588807318,False
27370330,44243.50000000,0.28746000,12718.23651000,1704588807318,False
27370331,44216.11000000,0.00080000,35.37288800,1704588812766,True
27370332,44234.48000000,0.00023000,10.17393040,1704588813520,False
27370333,44234.48000000,0.00023000,10.17393040,1704588815794,False
27370334,44230.09000000,0.00100000,44.23009000,1704588842923,False
27370335,44230.10000000,0.00014000,6.19221400,1704588842923,False
27370336,44216.83000000,0.00100000,44.21683000,1704588846048,True
27370337,44216.83000000,0.00192000,84.89631360,1704588846048,True
27370338,44230.10000000,0.00106000,46.88390600,1704588846410,False
27370339,44215.00000000,0.00161000,71.18615000,1704588851490,True
27370340,44230.06000000,0.00080000,35.38404800,1704588855624,False
27370341,44230.06000000,0.00308000,136.22858480,1704588856612,False
27370342,44215.00000000,0.00042000,18.57030000,1704588874729,True
27370343,44203.19000000,0.00057000,25.19581830,1704588874729,True
27370344,44230.05000000,0.00050000,22.11502500,1704588876056,False
27370345,44230.06000000,0.00177000,78.28720620,1704588876056,False
27370346,44211.53000000,0.00800000,353.69224000,1704588876444,True
27370347,44211.53000000,0.00573000,253.33206690,1704588876444,True
27370348,44230.04000000,0.00063000,27.86492520,1704588878812,False
27370349,44230.04000000,0.00458000,202.57358320,1704588878812,False
27370350,44230.04000000,0.00023000,10.17290920,1704588879619,False
27370351,44211.54000000,0.00080000,35.36923200,1704588885239,True
27370352,44230.04000000,0.00197000,87.13317880,1704588891028,False
27370353,44230.05000000,0.00082000,36.26864100,1704588891028,False
27370354,44211.54000000,0.00020000,8.84230800,1704588891834,True
27370355,44191.23000000,0.00036000,15.90884280,1704588892955,True
27370356,44214.08000000,0.00060000,26.52844800,1704588900114,False
27370357,44214.08000000,0.00080000,35.37126400,1704588902842,False
27370358,44194.58000000,0.00137000,60.54657460,1704588914962,False
27370359,44194.58000000,0.00541000,239.09267780,1704588917053,False
27370360,44194.58000000,0.00650000,287.26477000,1704588917053,False
27370361,44194.58000000,0.00180000,79.55024400,1704588917072,True
27370362,44194.59000000,0.00023000,10.16475570,1704588917531,False
27370363,44187.78000000,0.00127000,56.11848060,1704588919531,True
27370364,44173.56000000,0.00678000,299.49673680,1704588932502,True
27370365,44172.74000000,0.00100000,44.17274000,1704588933686,True
27370366,44172.41000000,0.00003000,1.32517230,1704588933686,True
27370367,44172.00000000,0.00679000,299.92788000,1704588934701,True
27370368,44162.33000000,0.00305000,134.69510650,1704588940489,True
27370369,44174.25000000,0.00900000,397.56825000,1704588960110,False
27370370,44159.54000000,0.02397000,1058.50417380,1704588967576,False
27370371,44164.19000000,0.00065000,28.70672350,1704588967576,False
27370372,44165.86000000,0.04000000,1766.63440000,1704588969196,False
27370373,44177.99000000,0.00023000,10.16093770,1704588970520,False
27370374,44179.06000000,0.00027000,11.92834620,1704589012494,False
27370375,44154.19000000,0.00100000,44.15419000,1704589024548,True
27370376,44154.17000000,0.00056000,24.72633520,1704589024548,True
27370377,44149.41000000,0.00205000,90.50629050,1704589030483,True
27370378,44166.89000000,0.00023000,10.15838470,1704589031509,False
27370379,44143.21000000,0.00127000,56.06187670,1704589033167,True
27370380,44140.70000000,0.00049000,21.62894300,1704589034980,True
27370381,44139.44000000,0.00152000,67.09194880,1704589036145,True
27370382,44130.00000000,0.00045000,19.85850000,1704589038575,True
27370383,44130.00000000,0.00033000,14.56290000,1704589038575,True
27370384,44127.98000000,0.00678000,299.18770440,1704589038575,True
27370385,44127.97000000,0.00053000,23.38782410,1704589038607,True
27370386,44127.97000000,0.00022000,9.70815340,1704589038630,True
27370387,44127.98000000,0.00093000,41.03902140,1704589038645,True
27370388,44127.98000000,0.00104000,45.89309920,1704589038657,True
27370389,44127.98000000,0.00575000,253.73588500,1704589038743,True
27370390,44127.98000000,0.00800000,353.02384000,1704589038743,True
27370391,44127.97000000,0.01336000,589.54967920,1704589038743,True
27370392,44127.98000000,0.00053000,23.38782940,1704589038975,True
27370393,44127.98000000,0.00053000,23.38782940,1704589039040,True
27370394,44140.69000000,0.00679000,299.71528510,1704589039803,False
27370395,44140.70000000,0.00918000,405.21162600,1704589039803,False
27370396,44140.70000000,0.04756000,2099.33169200,1704589039803,False
27370397,44166.69000000,0.00023000,10.15833870,1704589042673,False
27370398,44126.45000000,0.00100000,44.12645000,1704589060990,True
27370399,44126.44000000,0.00003000,1.32379320,1704589060990,True
27370400,44155.11000000,0.00023000,10.15567530,1704589061519,False
27370401,44135.79000000,0.00800000,353.08632000,1704589080107,False
27370402,44135.79000000,0.00070000,30.89505300,1704589080107,False
27370403,44122.05000000,0.00306000,135.01347300,1704589093525,True
27370404,44122.63000000,0.00028000,12.35433640,1704589099899,False
27370405,44123.80000000,0.00028000,12.35466400,1704589100261,True
27370406,44123.80000000,0.00028000,12.35466400,1704589100660,True
27370407,44154.53000000,0.00067000,29.58353510,1704589128328,False
27370408,44154.53000000,0.00236000,104.20469080,1704589128328,False
27370409,44152.38000000,0.00032000,14.12876160,1704589154335,False
27370410,44122.03000000,0.00631000,278.41000930,1704589158135,True
27370411,44122.02000000,0.00369000,162.81025380,1704589158135,True
27370412,44151.94000000,0.00023000,10.15494620,1704589159181,False
27370413,44151.93000000,0.00023000,10.15494390,1704589160461,False
27370414,44146.88000000,0.00256000,113.01601280,1704589166662,False
27370415,44123.00000000,0.03461000,1527.09703000,1704589168471,True
27370416,44123.01000000,0.00800000,352.98408000,1704589169461,True
27370417,44123.00000000,0.00200000,88.24600000,1704589169461,True
27370418,44123.01000000,0.00800000,352.98408000,1704589170477,True
27370419,44123.00000000,0.00200000,88.24600000,1704589170477,True
27370420,44123.01000000,0.00800000,352.98408000,1704589172118,True
27370421,44123.00000000,0.00200000,88.24600000,1704589172118,True
27370422,44123.01000000,0.00800000,352.98408000,1704589177024,True
27370423,44123.00000000,0.10370000,4575.55510000,1704589177024,True
27370424,44123.01000000,0.00250000,110.30752500,1704589185935,True
27370425,44123.00000000,0.00750000,330.92250000,1704589185935,True
27370426,44123.00000000,0.02526000,1114.54698000,1704589186951,True
27370427,44123.12000000,0.00014000,6.17723680,1704589204383,True
27370428,44146.57000000,0.00014000,6.18051980,1704589208051,False
27370429,44146.58000000,0.00019000,8.38785020,1704589208051,False
27370430,44146.58000000,0.00679000,299.75527820,1704589208231,False
27370431,44146.58000000,0.00409000,180.55951220,1704589208231,False
27370432,44123.58000000,0.00033000,14.56078140,1704589219637,True
27370433,44157.43000000,0.00065000,28.70232950,1704589240058,False
27370434,44133.79000000,0.00679000,299.66843410,1704589251169,True
27370435,44133.75000000,0.00321000,141.66933750,1704589251169,True
27370436,44133.75000000,0.00296000,130.63590000,1704589253060,True
27370437,44160.93000000,0.00023000,10.15701390,1704589253757,False
27370438,44160.93000000,0.00010000,4.41609300,1704589253803,False
27370439,44160.94000000,0.00013000,5.74092220,1704589253803,False
27370440,44124.41000000,0.00100000,44.12441000,1704589260852,True
27370441,44124.41000000,0.00042000,18.53225220,1704589262513,True
27370442,44123.01000000,0.00575000,253.70730750,1704589262609,True
27370443,44123.01000000,0.00450000,198.55354500,1704589262609,True
27370444,44123.00000000,0.02000000,882.46000000,1704589262698,True
27370445,44123.00000000,0.01375000,606.69125000,1704589262781,True
27370446,44123.00000000,0.19572000,8635.75356000,1704589263105,True
27370447,44123.00000000,0.02525000,1114.10575000,1704589263133,True
27370448,44119.48000000,0.00102000,45.00186960,1704589264132,True
27370449,44118.00000000,0.00898000,396.17964000,1704589264132,True
27370450,44118.00000000,0.01102000,486.18036000,1704589264173,True
27370451,44117.00000000,0.00680000,299.99560000,1704589264173,True
27370452,44117.00000000,0.00817000,360.43589000,1704589264173,True
27370453,44113.86000000,0.00305000,134.54727300,1704589264173,True
27370454,44113.33000000,0.00010000,4.41133300,1704589264173,True
27370455,44108.84000000,0.00007000,3.08761880,1704589265640,True
27370456,44108.84000000,0.00004000,1.76435360,1704589265640,True
27370457,44108.43000000,0.00024000,10.58602320,1704589265640,True
27370458,44108.33000000,0.00056000,24.70066480,1704589265640,True
27370459,44107.18000000,0.00016000,7.05714880,1704589266442,True
27370460,44106.29000000,0.00004000,1.76425160,1704589266442,True
27370461,44102.54000000,0.00030000,13.23076200,1704589266442,True
27370462,44102.01000000,0.00064000,28.22528640,1704589266442,True
27370463,44102.01000000,0.00141000,62.18383410,1704589266450,True
27370464,44101.77000000,0.00239000,105.40323030,1704589266969,True
27370465,44101.77000000,0.00001000,0.44101770,1704589267364,True
27370466,44100.00000000,0.00100000,44.10000000,1704589267364,True
27370467,44099.60000000,0.00036000,15.87585600,1704589267364,True
27370468,44098.69000000,0.00127000,56.00533630,1704589267364,True
27370469,44097.35000000,0.00004000,1.76389400,1704589267364,True
27370470,44094.96000000,0.00227000,100.09555920,1704589272146,False
27370471,44094.96000000,0.00680000,299.84572800,1704589277693,False
27370472,44094.96000000,0.02040000,899.53718400,1704589277711,True
27370473,44095.00000000,0.00005000,2.20475000,1704589282722,False
27370474,44089.91000000,0.00406000,179.00503460,1704589287787,True
27370475,44089.91000000,0.00680000,299.81138800,1704589287787,True
27370476,44087.87000000,0.00079000,34.82941730,1704589287787,True
27370477,44086.46000000,0.00069000,30.41965740,1704589287787,True
27370478,44085.43000000,0.00049000,21.60186070,1704589287787,True
27370479,44080.46000000,0.00003000,1.32241380,1704589287787,True
27370480,44079.70000000,0.00397000,174.99640900,1704589287787,True
27370481,44078.55000000,0.00022000,9.69728100,1704589287787,True
27370482,44071.88000000,0.00019000,8.37365720,1704589287787,True
27370483,44065.45000000,0.00200000,88.13090000,1704589287787,True
27370484,44065.44000000,0.00306000,134.84024640,1704589287787,True
27370485,44063.40000000,0.08941000,3939.70859400,1704589287787,True
27370486,44066.43000000,0.00024000,10.57594320,1704589297640,True
27370487,44087.87000000,0.00079000,34.82941730,1704589315378,False
27370488,44087.87000000,0.00121000,53.34632270,1704589315378,False
27370489,44087.85000000,0.00800000,352.70280000,1704589318710,False
27370490,44087.86000000,0.01920000,846.48691200,1704589318710,False
27370491,44087.86000000,0.00357000,157.39366020,1704589318743,False
27370492,44090.05000000,0.00800000,352.72040000,1704589320143,False
27370493,44090.06000000,0.00240000,105.81614400,1704589320143,False
27370494,44063.63000000,0.00680000,299.63268400,1704589365037,True
27370495,44063.40000000,0.00100000,44.06340000,1704589365220,True
27370496,44063.39000000,0.00137000,60.36684430,1704589365278,True
27370497,44063.39000000,0.00463000,204.01349570,1704589365842,True
27370498,44062.50000000,0.00056000,24.67500000,1704589365842,True
27370499,44062.00000000,0.00481000,211.93822000,1704589365842,True
27370500,44062.00000000,0.00199000,87.68338000,1704589366219,True
27370501,44078.49000000,0.00023000,10.13805270,1704589366676,False
27370502,44060.96000000,0.00045000,19.82743200,1704589367220,True
27370503,44058.12000000,0.00400000,176.23248000,1704589367226,True
27370504,44054.65000000,0.00205000,90.31203250,1704589367233,True
27370505,44077.69000000,0.00150000,66.11653500,1704589380098,False
27370506,44077.70000000,0.00279000,122.97678300,1704589380106,False
27370507,44077.66000000,0.00800000,352.62128000,1704589382089,False
27370508,44077.67000000,0.01920000,846.29126400,1704589382089,False
27370509,44077.78000000,0.00068000,29.97289040,1704589430435,False
27370510,44079.89000000,0.01080000,476.06281200,1704589430454,False
27370511,44079.89000000,0.01896000,835.75471440,1704589430766,False
27370512,44079.89000000,0.00504000,222.16264560,1704589431832,False
27370513,44079.90000000,0.00496000,218.63630400,1704589431832,False
27370514,44079.90000000,0.02224000,980.33697600,1704589432828,False
27370515,44090.06000000,0.00023000,10.14071380,1704589438297,False
27370516,44090.06000000,0.00680000,299.81240800,1704589440405,False
27370517,44090.06000000,0.00800000,352.72048000,1704589440405,False
27370518,44090.07000000,0.00023000,10.14071610,1704589442045,False
27370519,44090.07000000,0.02073000,913.98715110,1704589444110,False
27370520,44090.07000000,0.00624000,275.12203680,1704589445351,False
27370521,44092.26000000,0.01480000,652.56544800,1704589445911,False
27370522,44072.03000000,0.00281000,123.84240430,1704589452458,True
27370523,44094.98000000,0.00066000,29.10268680,1704589503282,False
27370524,44094.99000000,0.00800000,352.75992000,1704589503282,False
27370525,44095.00000000,0.00134000,59.08730000,1704589503282,False
27370526,44094.99000000,0.00404000,178.14375960,1704589504331,False
27370527,44094.99000000,0.00450000,198.42745500,1704589524775,False
27370528,44094.99000000,0.01522000,671.12574780,1704589524775,False
27370529,44095.00000000,0.00189000,83.33955000,1704589524775,False
27370530,44095.00000000,0.01845000,813.55275000,1704589526254,False
27370531,44095.00000000,0.01889000,832.95455000,1704589527072,False
27370532,44095.00000000,0.05967000,2631.14865000,1704589527079,False
27370533,44095.00000000,0.10165000,4482.25675000,1704589528254,False
27370534,44095.00000000,0.02192000,966.56240000,1704589528513,False
27370535,44097.16000000,0.02720000,1199.44275200,1704589528671,False
27370536,44100.00000000,0.00227000,100.10700000,1704589528671,False
27370537,44102.01000000,0.00205000,90.40912050,1704589528671,False
27370538,44108.33000000,0.00056000,24.70066480,1704589528740,False
27370539,44108.88000000,0.00058000,25.58315040,1704589528740,False
27370540,44108.88000000,0.00014000,6.17524320,1704589529612,False
27370541,44113.86000000,0.00306000,134.98841160,1704589529612,False
27370542,44119.00000000,0.00023000,10.14737000,1704589530586,False
27370543,44119.00000000,0.00657000,289.86183000,1704589530632,False
27370544,44121.80000000,0.00023000,10.14801400,1704589530660,False
27370545,44104.47000000,0.00800000,352.83576000,1704589533067,True
27370546,44104.47000000,0.00679000,299.46935130,1704589533067,True
27370547,44104.46000000,0.00711000,313.58271060,1704589533067,True
27370548,44104.50000000,0.00100000,44.10450000,1704589560111,True
27370549,44083.81000000,0.00500000,220.41905000,1704589560111,True
27370550,44104.46000000,0.00757000,333.87076220,1704589562116,True
27370551,44083.78000000,0.00144000,63.48064320,1704589574774,True
27370552,44083.72000000,0.00587000,258.77143640,1704589574774,True
27370553,44102.75000000,0.00080000,35.28220000,1704589575962,False
27370554,44083.72000000,0.02719000,1198.63634680,1704589577173,True
27370555,44083.72000000,0.00001000,0.44083720,1704589577179,True
27370556,44085.88000000,0.00104000,45.84931520,1704589595414,False
27370557,44085.89000000,0.00067000,29.53754630,1704589610612,False
27370558,44085.92000000,0.02720000,1199.13702400,1704589610612,False
27370559,44100.00000000,0.00090000,39.69000000,1704589620112,False
27370560,44100.00000000,0.00137000,60.41700000,1704589623128,False
27370561,44100.00000000,0.00680000,299.88000000,1704589623128,False
27370562,44100.00000000,0.01903000,839.22300000,1704589623144,True
27370563,44102.20000000,0.00800000,352.81760000,1704589631244,False
27370564,44102.21000000,0.02720000,1199.58011200,1704589631244,False
27370565,44108.71000000,0.00881000,388.59773510,1704589631244,False
27370566,44117.62000000,0.00010000,4.41176200,1704589640818,False
27370567,44117.62000000,0.00010000,4.41176200,1704589640952,False
27370568,44117.62000000,0.00023000,10.14705260,1704589641724,False
27370569,44117.62000000,0.00023000,10.14705260,1704589641730,False
27370570,44095.01000000,0.00100000,44.09501000,1704589642995,True
27370571,44095.01000000,0.00680000,299.84606800,1704589642995,True
27370572,44095.00000000,0.00010000,4.40950000,1704589642995,True
27370573,44103.38000000,0.00011000,4.85137180,1704589689063,False
27370574,44103.38000000,0.00057000,25.13892660,1704589691097,False
27370575,44103.38000000,0.00680000,299.90298400,1704589691097,False
27370576,44103.38000000,0.01983000,874.57002540,1704589691113,True
27370577,44104.74000000,0.00066000,29.10912840,1704589745330,False
27370578,44105.59000000,0.01541000,679.66714190,1704589746429,False
27370579,44105.59000000,0.01179000,520.00490610,1704589746593,False
27370580,44121.79000000,0.00065000,28.67916350,1704589780959,False
27370581,44121.80000000,0.00127000,56.03468600,1704589780959,False
27370582,44105.74000000,0.00120000,52.92688800,1704589800116,True
27370583,44124.99000000,0.00022000,9.70749780,1704589800299,False
27370584,44124.99000000,0.00350000,154.43746500,1704589802703,False
27370585,44124.99000000,0.02360000,1041.34976400,1704589802717,True
27370586,44125.00000000,0.00023000,10.14875000,1704589803675,False
27370587,44125.00000000,0.00023000,10.14875000,1704589803767,False
27370588,44124.99000000,0.00064000,28.23999360,1704589814918,False
27370589,44125.00000000,0.00181000,79.86625000,1704589814918,False
27370590,44126.44000000,0.00003000,1.32379320,1704589814918,False
27370591,44127.20000000,0.00795000,350.81124000,1704589814918,False
27370592,44127.20000000,0.01915000,845.03588000,1704589837364,False
27370593,44130.00000000,0.00045000,19.85850000,1704589838533,False
27370594,44130.00000000,0.00010000,4.41300000,1704589838533,False
27370595,44131.87000000,0.00072000,31.77494640,1704589840245,False
27370596,44132.00000000,0.00121000,53.39972000,1704589840245,False
27370597,44135.37000000,0.00072000,31.77746640,1704589842956,False
27370598,44140.70000000,0.00049000,21.62894300,1704589844268,False
27370599,44143.21000000,0.00127000,56.06187670,1704589845288,False
27370600,44149.40000000,0.00063000,27.81412200,1704589849269,False
27370601,44149.41000000,0.00205000,90.50629050,1704589849269,False
27370602,44149.41000000,0.02710000,1196.44901100,1704589857102,True
27370603,44127.34000000,0.00100000,44.12734000,1704589860117,True
27370604,44119.31000000,0.00390000,172.06530900,1704589860117,True
27370605,44149.99000000,0.00400000,176.59996000,1704589875814,False
27370606,44150.00000000,0.00040000,17.66000000,1704589875814,False
27370607,44149.99000000,0.00064000,28.25599360,1704589896426,False
27370608,44150.00000000,0.00187000,82.56050000,1704589896426,False
27370609,44151.62000000,0.00038000,16.77761560,1704589896426,False
27370610,44154.13000000,0.00008000,3.53233040,1704589972116,False
27370611,44154.13000000,0.00573000,253.00316490,1704589975173,False
27370612,44154.13000000,0.02137000,943.57375810,1704589975191,True
27370613,44154.14000000,0.00023000,10.15545220,1704589975563,False
27370614,44154.14000000,0.00023000,10.15545220,1704589975650,False
27370615,44153.10000000,0.00063000,27.81645300,1704590020760,False
27370616,44153.10000000,0.00392000,173.08015200,1704590020760,False
27370617,44153.10000000,0.01285000,567.36733500,1704590026092,True
27370618,44153.10000000,0.01425000,629.18167500,1704590026096,True
27370619,44149.00000000,0.05380000,2375.21620000,1704590043974,True
27370620,44153.11000000,0.00450000,198.68899500,1704590045714,False
27370621,44149.00000000,0.06145000,2712.95605000,1704590045749,True
27370622,44149.00000000,0.00832000,367.31968000,1704590046492,True
27370623,44153.73000000,0.00028000,12.36304440,1704590062245,False
27370624,44153.73000000,0.00034000,15.01226820,1704590064228,False
27370625,44153.73000000,0.02676000,1181.55381480,1704590064232,True
27370626,44153.74000000,0.00455000,200.89951700,1704590078920,False
27370627,44153.73000000,0.00035000,15.45380550,1704590113230,False
27370628,44154.14000000,0.00401000,177.05810140,1704590113230,False
27370629,44154.14000000,0.02710000,1196.57719400,1704590115755,False
27370630,44154.14000000,0.01700000,750.62038000,1704590130402,False
27370631,44154.14000000,0.00435000,192.07050900,1704590131225,False
27370632,44154.14000000,0.02196000,969.62491440,1704590131420,False
27370633,44154.14000000,0.00435000,192.07050900,1704590149928,False
27370634,44130.71000000,0.00032000,14.12182720,1704590157642,True
27370635,44130.76000000,0.00080000,35.30460800,1704590160111,True
27370636,44154.12000000,0.00023000,10.15544760,1704590160812,False
27370637,44154.12000000,0.00100000,44.15412000,1704590165917,False
27370638,44154.13000000,0.00005000,2.20770650,1704590165917,False
27370639,44134.27000000,0.00100000,44.13427000,1704590209518,True
27370640,44134.27000000,0.00679000,299.67169330,1704590209518,True
27370641,44153.35000000,0.00456000,201.33927600,1704590235530,False
27370642,44153.35000000,0.02710000,1196.55578500,1704590238383,False
27370643,44141.89000000,0.00456000,201.28701840,1704590253734,False
27370644,44117.35000000,0.00100000,44.11735000,1704590254757,True
27370645,44117.26000000,0.00530000,233.82147800,1704590254757,True
27370646,44102.11000000,0.00100000,44.10211000,1704590300908,True
27370647,44102.01000000,0.00205000,90.40912050,1704590300908,True
27370648,44100.00000000,0.00100000,44.10000000,1704590302736,True
27370649,44100.00000000,0.00100000,44.10000000,1704590302736,True
27370650,44102.02000000,0.00800000,352.81616000,1704590304192,True
27370651,44102.01000000,0.00200000,88.20402000,1704590304192,True
27370652,44102.02000000,0.00800000,352.81616000,1704590305356,True
27370653,44102.01000000,0.00200000,88.20402000,1704590305356,True
27370654,44102.02000000,0.00800000,352.81616000,1704590306366,True
27370655,44102.01000000,0.00200000,88.20402000,1704590306366,True
27370656,44098.69000000,0.00127000,56.00533630,1704590307489,True
27370657,44095.00000000,0.00010000,4.40950000,1704590308693,True
27370658,44085.43000000,0.00006000,2.64512580,1704590310287,True
27370659,44085.43000000,0.00043000,18.95673490,1704590315806,True
27370660,44104.21000000,0.00449000,198.02790290,1704590322328,False
27370661,44080.46000000,0.00003000,1.32241380,1704590324403,True
27370662,44104.20000000,0.00065000,28.66773000,1704590340124,False
27370663,44104.20000000,0.00534000,235.51642800,1704590340124,False
27370664,44104.20000000,0.00023000,10.14396600,1704590340567,False
27370665,44104.20000000,0.00023000,10.14396600,1704590340918,False
27370666,44104.20000000,0.00100000,44.10420000,1704590342051,False
27370667,44104.20000000,0.02620000,1155.53004000,1704590342060,True
27370668,44065.89000000,0.00680000,299.64805200,1704590367774,True
27370669,44065.80000000,0.00320000,141.01056000,1704590367774,True
27370670,44065.80000000,0.00098000,43.18448400,1704590368858,True
27370671,44065.63000000,0.00100000,44.06563000,1704590368858,True
27370672,44065.44000000,0.00306000,134.84024640,1704590368858,True
27370673,44088.48000000,0.00022000,9.69946560,1704590369796,False
27370674,44062.50000000,0.00056000,24.67500000,1704590370037,True
27370675,44060.96000000,0.00045000,19.82743200,1704590370900,True
27370676,44060.00000000,0.00010000,4.40600000,1704590370900,True
27370677,44054.65000000,0.00205000,90.31203250,1704590370900,True
27370678,44054.21000000,0.00127000,55.94884670,1704590370900,True
27370679,44053.86000000,0.00036000,15.85938960,1704590370900,True
27370680,44052.37000000,0.00077000,33.92032490,1704590370900,True
27370681,44052.37000000,0.00523000,230.39389510,1704590370949,True
27370682,44049.53000000,0.00012000,5.28594360,1704590370949,True
27370683,44049.48000000,0.00800000,352.39584000,1704590370949,True
27370684,44049.47000000,0.00165000,72.68162550,1704590370949,True
27370685,44088.48000000,0.00449000,197.95727520,1704590381627,False
27370686,44088.49000000,0.00680000,299.80173200,1704590389196,True
27370687,44088.48000000,0.00320000,141.08313600,1704590389196,True
27370688,44088.48000000,0.02400000,1058.12352000,1704590390205,True
27370689,44090.68000000,0.00050000,22.04534000,1704590391222,False
27370690,44090.67000000,0.00448000,197.52620160,1704590398031,False
27370691,44090.67000000,0.00023000,10.14085410,1704590398681,False
27370692,44090.66000000,0.00066000,29.09983560,1704590400104,False
27370693,44090.67000000,0.00253000,111.54939510,1704590400104,False
27370694,44090.68000000,0.02670000,1177.22115600,1704590424892,False
27370695,44074.87000000,0.00100000,44.07487000,1704590459908,True
27370696,44093.16000000,0.00050000,22.04658000,1704590483824,False
27370697,44093.16000000,0.00023000,10.14142680,1704590484617,False
27370698,44055.05000000,0.00100000,44.05505000,1704590499380,True
27370699,44055.04000000,0.00034000,14.97871360,1704590499380,True
27370700,44049.47000000,0.01096000,482.78219120,1704590504165,True
27370701,44069.75000000,0.00023000,10.13604250,1704590504723,False
27370702,44047.11000000,0.00400000,176.18844000,1704590505628,True
27370703,44069.75000000,0.00046000,20.27208500,1704590506338,False
27370704,44069.75000000,0.00023000,10.13604250,1704590519861,False
27370705,44069.75000000,0.00023000,10.13604250,1704590519905,False
27370706,44069.75000000,0.00480000,211.53480000,1704590520096,False
27370707,44067.55000000,0.00003000,1.32202650,1704590532774,True
27370708,44049.93000000,0.00100000,44.04993000,1704590533950,True
27370709,44049.93000000,0.00680000,299.53952400,1704590533950,True
27370710,44049.92000000,0.00030000,13.21497600,1704590533950,True
27370711,44041.36000000,0.00600000,264.24816000,1704590537941,True
27370712,44041.36000000,0.00003000,1.32124080,1704590537941,True
27370713,44077.54000000,0.00070000,30.85427800,1704590573320,False
27370714,44077.54000000,0.00680000,299.72727200,1704590573320,False
27370715,44077.55000000,0.00003000,1.32232650,1704590573320,False
27370716,44086.30000000,0.00072000,31.74213600,1704590574320,False
27370717,44084.10000000,0.00003000,1.32252300,1704590580107,True
27370718,44068.40000000,0.00317000,139.69682800,1704590580107,True
27370719,44095.00000000,0.00010000,4.40950000,1704590580710,False
27370720,44095.00000000,0.00013000,5.73235000,1704590580710,False
27370721,44095.00000000,0.00023000,10.14185000,1704590580794,False
27370722,44095.00000000,0.00003000,1.32285000,1704590581471,False
27370723,44093.28000000,0.00084000,37.03835520,1704590632934,False
27370724,44060.70000000,0.00680000,299.61276000,1704590664415,True
27370725,44060.41000000,0.00100000,44.06041000,1704590664415,True
27370726,44086.72000000,0.00476000,209.85278720,1704590690222,False
27370727,44086.72000000,0.00023000,10.13994560,1704590691732,False
27370728,44086.72000000,0.00023000,10.13994560,1704590691775,False
27370729,44088.10000000,0.00070000,30.86167000,1704590824172,False
27370730,44088.10000000,0.00084000,37.03400400,1704590824172,False
27370731,44086.78000000,0.00003000,1.32260340,1704590824844,True
27370732,44085.43000000,0.00680000,299.78092400,1704590826548,False
27370733,44085.44000000,0.00003000,1.32256320,1704590826548,False
27370734,44086.78000000,0.02037000,898.04770860,1704590826560,True
27370735,44062.34000000,0.00017000,7.49059780,1704590867620,True
27370736,44062.35000000,0.00100000,44.06235000,1704591073356,True
27370737,44062.35000000,0.00680000,299.62398000,1704591073356,True
27370738,44062.34000000,0.00220000,96.93714800,1704591073356,True
27370739,44062.34000000,0.00043000,18.94680620,1704591074527,True
27370740,44062.00000000,0.00680000,299.62160000,1704591074527,True
27370741,44062.35000000,0.00800000,352.49880000,1704591075010,True
27370742,44062.34000000,0.02720000,1198.49564800,1704591075010,True
27370743,44060.00000000,0.00010000,4.40600000,1704591075010,True
27370744,44042.01000000,0.00033000,14.53386330,1704591089709,True
27370745,44042.01000000,0.00800000,352.33608000,1704591090641,True
27370746,44042.00000000,0.00200000,88.08400000,1704591090641,True
27370747,44042.01000000,0.00800000,352.33608000,1704591091642,True
27370748,44042.00000000,0.00200000,88.08400000,1704591091642,True
27370749,44042.01000000,0.00600000,264.25206000,1704591092794,True
