id,price,qty,quote_qty,time,is_buyer_maker
27352764,44167.00000000,0.09356000,4132.26452000,1704499201012,False
27352765,44167.00000000,0.02178000,961.95726000,1704499201253,False
27352766,44167.00000000,0.01953000,862.58151000,1704499201467,False
27352767,44167.00000000,0.00450000,198.75150000,1704499204487,False
27352768,44167.00000000,0.02091000,923.53197000,1704499204638,False
27352769,44167.00000000,0.01856000,819.73952000,1704499204866,False
27352770,44167.00000000,0.02018000,891.29006000,1704499205317,False
27352771,44167.00000000,0.00468000,206.70156000,1704499210287,False
27352772,44167.00000000,0.00034000,15.01678000,1704499215260,False
27352773,44167.00000000,0.00351000,155.02617000,1704499223615,False
27352774,44167.00000000,0.00294000,129.85098000,1704499224793,False
27352775,44167.00000000,0.00143000,63.15881000,1704499232478,False
27352776,44167.00000000,0.00005000,2.20835000,1704499232478,False
27352777,44167.00000000,0.00014000,6.18338000,1704499232478,False
27352778,44167.00000000,0.00093000,41.07531000,1704499232478,False
27352779,44180.53000000,0.00012000,5.30166360,1704499242965,False
27352780,44180.53000000,0.00003000,1.32541590,1704499250383,False
27352781,44180.53000000,0.00003000,1.32541590,1704499253891,False
27352782,44141.88000000,0.00255000,112.56179400,1704499254338,True
27352783,44180.52000000,0.00112000,49.48218240,1704499263473,False
27352784,44180.52000000,0.00007000,3.09263640,1704499263968,False
27352785,44180.52000000,0.00005000,2.20902600,1704499265032,False
27352786,44169.52000000,0.00006000,2.65017120,1704499272412,False
27352787,44180.52000000,0.00221000,97.63894920,1704499272412,False
27352788,44177.51000000,0.00062000,27.39005620,1704499306697,False
27352789,44177.51000000,0.00072000,31.80780720,1704499307418,False
27352790,44177.51000000,0.00124000,54.78011240,1704499307883,False
27352791,44177.51000000,0.00130000,57.43076300,1704499309473,False
27352792,44141.88000000,0.00486000,214.52953680,1704499324249,True
27352793,44141.88000000,0.00003000,1.32425640,1704499329457,True
27352794,44141.88000000,0.00003000,1.32425640,1704499332903,True
27352795,44130.00000000,0.00100000,44.13000000,1704499335631,True
27352796,44130.00000000,0.00003000,1.32390000,1704499336853,True
27352797,44126.44000000,0.00003000,1.32379320,1704499336853,True
27352798,44113.94000000,0.00226000,99.69750440,1704499337662,True
27352799,44130.06000000,0.01540000,679.60292400,1704499340298,True
27352800,44130.06000000,0.00009000,3.97170540,1704499346556,False
27352801,44134.78000000,0.27784000,12262.40727520,1704499346566,True
27352802,44113.86000000,0.00305000,134.54727300,1704499357160,True
27352803,44108.37000000,0.00800000,352.86696000,1704499360440,True
27352804,44108.36000000,0.26998000,11908.37503280,1704499360440,True
27352805,44108.33000000,0.00028000,12.35033240,1704499361027,True
27352806,44146.95000000,0.00072000,31.78580400,1704499361371,False
27352807,44146.82000000,0.00378000,166.87497960,1704499368782,False
27352808,44102.06000000,0.00006000,2.64612360,1704499369097,True
27352809,44146.82000000,0.00226000,99.77181320,1704499369503,False
27352810,44146.82000000,0.00199000,87.85217180,1704499370091,False
27352811,44146.83000000,0.00019000,8.38789770,1704499370317,False
27352812,44102.09000000,0.00226000,99.67072340,1704499371709,True
27352813,44146.83000000,0.00226000,99.77183580,1704499372501,False
27352814,44102.11000000,0.00226000,99.67076860,1704499373735,True
27352815,44146.81000000,0.00226000,99.77179060,1704499375223,False
27352816,44105.71000000,0.00226000,99.67890460,1704499376649,True
27352817,44146.82000000,0.00226000,99.77181320,1704499377469,False
27352818,44105.77000000,0.00226000,99.67904020,1704499378653,True
27352819,44146.82000000,0.00226000,99.77181320,1704499379481,False
27352820,44105.79000000,0.00226000,99.67908540,1704499380679,True
27352821,44146.82000000,0.00072000,31.78571040,1704499380792,False
27352822,44142.93000000,0.00072000,31.78290960,1704499381501,False
27352823,44146.82000000,0.00072000,31.78571040,1704499381501,False
27352824,44146.82000000,0.00082000,36.20039240,1704499381501,False
27352825,44146.80000000,0.00300000,132.44040000,1704499393316,False
27352826,44146.81000000,0.00089000,39.29066090,1704499393316,False
27352827,44146.81000000,0.00240000,105.95234400,1704499394538,False
27352828,44146.81000000,0.00378000,166.87494180,1704499395717,False
27352829,44146.81000000,0.00292000,128.90868520,1704499396961,False
27352830,44146.81000000,0.00264000,116.54757840,1704499398137,False
27352831,44146.81000000,0.00527000,232.65368870,1704499399324,False
27352832,44146.82000000,0.00327000,144.36010140,1704499400506,False
27352833,44146.82000000,0.01185000,523.13981700,1704499401251,False
27352834,44149.21000000,0.00072000,31.78743120,1704499401251,False
27352835,44154.17000000,0.00028000,12.36316760,1704499401251,False
27352836,44158.19000000,0.27702000,12232.70179380,1704499401251,False
27352837,44162.33000000,0.00305000,134.69510650,1704499401251,False
27352838,44122.21000000,0.00003000,1.32366630,1704499404659,True
27352839,44172.41000000,0.00003000,1.32517230,1704499405438,False
27352840,44180.52000000,0.00069000,30.48455880,1704499405438,False
27352841,44180.52000000,0.00003000,1.32541560,1704499406506,False
27352842,44180.52000000,0.00003000,1.32541560,1704499409940,False
27352843,44163.10000000,0.00072000,31.79743200,1704499410705,False
27352844,44171.80000000,0.00800000,353.37440000,1704499410785,True
27352845,44171.79000000,0.62210000,27479.27055900,1704499410785,True
27352846,44171.79000000,0.00003000,1.32515370,1704499413785,True
27352847,44171.79000000,0.00003000,1.32515370,1704499417677,True
27352848,44180.52000000,0.00072000,31.80997440,1704499420592,False
27352849,44158.52000000,0.00011000,4.85743720,1704499431419,False
27352850,44158.52000000,0.00001000,0.44158520,1704499434204,False
27352851,44156.97000000,0.00009000,3.97412730,1704499440106,True
27352852,44180.46000000,0.00031000,13.69594260,1704499500508,False
27352853,44158.93000000,0.00450000,198.71518500,1704499500540,True
27352854,44180.44000000,0.00800000,353.44352000,1704499512085,False
27352855,44180.45000000,0.37731000,16669.72558950,1704499512085,False
27352856,44180.50000000,0.00057000,25.18288500,1704499512085,False
27352857,44180.50000000,0.00034000,15.02137000,1704499512085,False
27352858,44180.50000000,0.00009000,3.97624500,1704499512085,False
27352859,44180.52000000,0.00339000,149.77196280,1704499512085,False
27352860,44180.53000000,0.01906000,842.08090180,1704499512085,False
27352861,44180.54000000,0.00001000,0.44180540,1704499512085,False
27352862,44180.44000000,0.00060000,26.50826400,1704499518453,False
27352863,44180.44000000,0.00039000,17.23037160,1704499518453,False
27352864,44180.44000000,0.00133000,58.75998520,1704499523394,False
27352865,44180.44000000,0.00034000,15.02134960,1704499523394,False
27352866,44181.00000000,0.00019000,8.39439000,1704499523394,False
27352867,44182.76000000,0.00450000,198.82242000,1704499523394,False
27352868,44182.77000000,0.27949000,12348.64238730,1704499523394,False
27352869,44182.78000000,0.00072000,31.81160160,1704499523394,False
27352870,44183.41000000,0.00026000,11.48768660,1704499523394,False
27352871,44183.41000000,0.00003000,1.32550230,1704499532141,True
27352872,44185.00000000,0.00282000,124.60170000,1704499534875,False
27352873,44183.41000000,0.00003000,1.32550230,1704499535671,True
27352874,44185.00000000,0.00255000,112.67175000,1704499537325,False
27352875,44183.41000000,0.00167000,73.78629470,1704499538749,True
27352876,44185.00000000,0.00003000,1.32555000,1704499538916,False
27352877,44183.41000000,0.00019000,8.39484790,1704499539892,True
27352878,44185.00000000,0.00138000,60.97530000,1704499542771,False
27352879,44183.41000000,0.00003000,1.32550230,1704499543510,True
27352880,44183.41000000,0.00011000,4.86017510,1704499548885,False
27352881,44185.00000000,0.00001000,0.44185000,1704499554169,False
27352882,44186.04000000,0.00450000,198.83718000,1704499554169,False
27352883,44186.04000000,0.00103000,45.51162120,1704499554314,False
27352884,44158.53000000,0.00014000,6.18219420,1704499555044,True
27352885,44186.03000000,0.00050000,22.09301500,1704499570716,False
27352886,44186.03000000,0.00072000,31.81394160,1704499572011,False
27352887,44186.03000000,0.00056000,24.74417680,1704499572224,False
27352888,44186.03000000,0.00391000,172.76737730,1704499583166,False
27352889,44186.02000000,0.00398000,175.86035960,1704499584345,False
27352890,44159.26000000,0.02000000,883.18520000,1704499624911,True
27352891,44154.56000000,0.00012000,5.29854720,1704499669383,True
27352892,44185.98000000,0.08477000,3745.64552460,1704499691842,False
27352893,44185.99000000,0.00030000,13.25579700,1704499691842,False
27352894,44185.99000000,0.00066000,29.16275340,1704499691842,False
27352895,44185.99000000,0.00027000,11.93021730,1704499691842,False
27352896,44186.02000000,0.00009000,3.97674180,1704499691842,False
27352897,44186.02000000,0.00010000,4.41860200,1704499691842,False
27352898,44186.02000000,0.00067000,29.60463340,1704499693542,True
27352899,44186.02000000,0.00003000,1.32558060,1704499694642,True
27352900,44186.03000000,0.63082000,27873.43144460,1704499698419,True
27352901,44186.03000000,0.00678000,299.58128340,1704499698419,True
27352902,44186.02000000,0.00003000,1.32558060,1704499699452,True
27352903,44186.02000000,0.00003000,1.32558060,1704499703211,True
27352904,44175.02000000,0.00010000,4.41750200,1704499714642,False
27352905,44188.77000000,0.01080000,477.23871600,1704499744243,False
27352906,44188.77000000,0.00678000,299.59986060,1704499744243,False
27352907,44188.80000000,0.00265000,117.10032000,1704499744243,False
27352908,44172.82000000,0.00067000,29.59578940,1704499744758,True
27352909,44191.23000000,0.00035000,15.46693050,1704499745313,False
27352910,44191.23000000,0.00001000,0.44191230,1704499746417,False
27352911,44195.98000000,0.00049000,21.65603020,1704499746417,False
27352912,44196.61000000,0.00022000,9.72325420,1704499746417,False
27352913,44196.61000000,0.00120000,53.03593200,1704499751762,False
27352914,44196.86000000,0.00205000,90.60356300,1704499751762,False
27352915,44197.88000000,0.00072000,31.82247360,1704499751762,False
27352916,44199.00000000,0.04088000,1806.85512000,1704499751762,False
27352917,44199.04000000,0.00045000,19.88956800,1704499751762,False
27352918,44200.00000000,0.00028000,12.37600000,1704499751762,False
27352919,44200.00000000,0.53857000,23804.79400000,1704499751762,False
27352920,44204.59000000,0.00007000,3.09432130,1704499754759,False
27352921,44173.25000000,0.00040000,17.66930000,1704499765317,True
27352922,44204.59000000,0.00019000,8.39887210,1704499769308,False
27352923,44205.38000000,0.00036000,15.91393680,1704499769987,False
27352924,44205.38000000,0.00001000,0.44205380,1704499772438,False
27352925,44206.47000000,0.00600000,265.23882000,1704499772438,False
27352926,44207.87000000,0.00049000,21.66185630,1704499772438,False
27352927,44208.01000000,0.00264000,116.70914640,1704499772438,False
27352928,44210.02000000,0.00011000,4.86310220,1704499772510,False
27352929,44210.02000000,0.00001000,0.44210020,1704499776202,False
27352930,44210.86000000,0.00002000,0.88421720,1704499776202,False
27352931,44210.86000000,0.00302000,133.51679720,1704499776327,False
27352932,44210.86000000,0.00001000,0.44210860,1704499785127,False
27352933,44212.24000000,0.00205000,90.63509200,1704499785127,False
27352934,44212.24000000,0.00194000,85.77174560,1704499785393,False
27352935,44192.04000000,0.00009000,3.97728360,1704499800122,True
27352936,44192.07000000,0.00012000,5.30304840,1704499801331,True
27352937,44212.24000000,0.00001000,0.44212240,1704499801802,False
27352938,44213.73000000,0.00268000,118.49279640,1704499801802,False
27352939,44213.78000000,0.00108000,47.75088240,1704499801802,False
27352940,44214.07000000,0.00068000,30.06556760,1704499801802,False
27352941,44214.17000000,0.00072000,31.83420240,1704499801802,False
27352942,44216.40000000,0.00010000,4.42164000,1704499801802,False
27352943,44216.40000000,0.00010000,4.42164000,1704499801802,False
27352944,44216.90000000,0.00019000,8.40121100,1704499801802,False
27352945,44217.53000000,0.00600000,265.30518000,1704499801802,False
27352946,44218.39000000,0.00003000,1.32655170,1704499801802,False
27352947,44220.00000000,0.00018000,7.95960000,1704499801802,False
27352948,44220.00000000,0.00010000,4.42200000,1704499801802,False
27352949,44222.91000000,0.00014000,6.19120740,1704499801802,False
27352950,44223.30000000,0.00400000,176.89320000,1704499801802,False
27352951,44228.26000000,0.00038000,16.80673880,1704499801894,False
27352952,44218.49000000,0.00049000,21.66706010,1704499802571,False
27352953,44218.49000000,0.00072000,31.83731280,1704499802681,False
27352954,44218.49000000,0.00449000,198.54102010,1704499802797,False
27352955,44218.49000000,0.00024000,10.61243760,1704499804942,False
27352956,44214.72000000,0.01845000,815.76158400,1704499808337,False
27352957,44221.69000000,0.02439000,1078.56701910,1704499819382,True
27352958,44214.81000000,0.00015000,6.63222150,1704499828345,True
27352959,44228.58000000,0.00600000,265.37148000,1704499829649,False
27352960,44225.01000000,0.00678000,299.84556780,1704499835674,True
27352961,44225.00000000,0.63862000,28242.96950000,1704499836716,True
27352962,44214.92000000,0.00359000,158.73156280,1704499837357,True
27352963,44214.92000000,0.00264000,116.72738880,1704499844990,True
27352964,44230.08000000,0.00112000,49.53768960,1704499863874,False
27352965,44230.08000000,0.00003000,1.32690240,1704499872177,False
27352966,44230.08000000,0.00003000,1.32690240,1704499875641,False
27352967,44229.83000000,0.00003000,1.32689490,1704499879240,False
27352968,44229.83000000,0.00003000,1.32689490,1704499882749,False
27352969,44172.88000000,0.00110000,48.59016800,1704499923098,True
27352970,44172.96000000,0.00134000,59.19176640,1704499927401,True
27352971,44196.83000000,0.00012000,5.30361960,1704499927457,False
27352972,44211.56000000,0.00050000,22.10578000,1704499927457,False
27352973,44211.56000000,0.00016000,7.07384960,1704499927457,False
27352974,44211.56000000,0.00006000,2.65269360,1704499929844,False
27352975,44177.96000000,0.04069000,1797.60119240,1704499959871,True
27352976,44177.95000000,0.00800000,353.42360000,1704499959871,True
27352977,44177.95000000,0.04069000,1797.60078550,1704499959871,True
27352978,44177.95000000,0.00678000,299.52650100,1704499959871,True
27352979,44177.94000000,0.13143000,5806.30665420,1704499959871,True
27352980,44213.62000000,0.00239000,105.67055180,1704499968592,False
27352981,44213.60000000,0.00242000,106.99691200,1704499969769,False
27352982,44213.55000000,0.00009000,3.97921950,1704499972434,False
27352983,44213.19000000,0.00221000,97.71114990,1704499994241,False
27352984,44213.17000000,0.01851000,818.38577670,1704499995148,False
27352985,44213.13000000,0.00699000,309.04977870,1704499996229,False
27352986,44213.14000000,0.01906000,842.70244840,1704499996449,False
27352987,44213.14000000,0.00067000,29.62280380,1704499996660,False
27352988,44213.05000000,0.01906000,842.70073300,1704500004136,False
27352989,44213.05000000,0.00255000,112.74327750,1704500004865,False
27352990,44213.05000000,0.00799000,353.26226950,1704500004873,False
27352991,44213.05000000,0.01569000,693.70275450,1704500005042,False
27352992,44213.05000000,0.00337000,148.99797850,1704500005042,False
27352993,44213.05000000,0.00341000,150.76650050,1704500005067,False
27352994,44213.06000000,0.01567000,692.81865020,1704500005067,False
27352995,44213.06000000,0.00119000,52.61354140,1704500005540,False
27352996,44213.05000000,0.00223000,98.59510150,1704500006722,False
27352997,44213.05000000,0.00404000,178.62072200,1704500007896,False
27352998,44213.04000000,0.00072000,31.83338880,1704500009414,False
27352999,44213.04000000,0.00089000,39.34960560,1704500009515,False
27353000,44213.04000000,0.00003000,1.32639120,1704500013461,False
27353001,44213.04000000,0.00014000,6.18982560,1704500013673,False
27353002,44213.04000000,0.00003000,1.32639120,1704500017172,False
27353003,44172.41000000,0.00003000,1.32517230,1704500017814,True
27353004,44172.41000000,0.00003000,1.32517230,1704500021099,True
27353005,44167.34000000,0.00004000,1.76669360,1704500022100,True
27353006,44167.34000000,0.00678000,299.45456520,1704500022100,True
27353007,44213.00000000,0.00072000,31.83336000,1704500022475,False
27353008,44212.99000000,0.00003000,1.32638970,1704500024554,False
27353009,44162.33000000,0.00305000,134.69510650,1704500047483,True
27353010,44154.27000000,0.00067000,29.58336090,1704500061556,True
27353011,44154.27000000,0.00800000,353.23416000,1704500062102,True
27353012,44154.27000000,0.00800000,353.23416000,1704500063708,True
27353013,44154.27000000,0.00800000,353.23416000,1704500063830,True
27353014,44154.27000000,0.00800000,353.23416000,1704500064102,True
27353015,44154.27000000,0.00800000,353.23416000,1704500065102,True
27353016,44154.27000000,0.00700000,309.07989000,1704500065161,True
27353017,44154.26000000,0.00942000,415.93312920,1704500065342,True
27353018,44154.26000000,0.01058000,467.15207080,1704500065468,True
27353019,44154.17000000,0.00028000,12.36316760,1704500066102,True
27353020,44149.41000000,0.00205000,90.50629050,1704500066502,True
27353021,44140.71000000,0.02810000,1240.35395100,1704500067102,True
27353022,44154.27000000,0.00197000,86.98391190,1704500080235,False
27353023,44154.27000000,0.00013000,5.74005510,1704500080389,False
27353024,44154.27000000,0.00001000,0.44154270,1704500080784,False
27353025,44165.51000000,0.00800000,353.32408000,1704500080846,False
27353026,44165.51000000,0.00678000,299.44215780,1704500080846,False
27353027,44165.51000000,0.00001000,0.44165510,1704500081080,False
27353028,44165.51000000,0.00253000,111.73874030,1704500081080,False
27353029,44165.51000000,0.00072000,31.79916720,1704500081429,False
27353030,44165.51000000,0.00003000,1.32496530,1704500085141,False
27353031,44165.51000000,0.00126000,55.64854260,1704500093192,False
27353032,44165.51000000,0.00160000,70.66481600,1704500094414,False
27353033,44165.51000000,0.00016000,7.06648160,1704500095611,False
27353034,44165.51000000,0.00138000,60.94840380,1704500095611,False
27353035,44165.51000000,0.00090000,39.74895900,1704500096790,False
27353036,44165.51000000,0.00799000,352.88242490,1704500099852,False
27353037,44165.49000000,0.00269000,118.80516810,1704500100446,False
27353038,44165.52000000,0.00035000,15.45793200,1704500101673,False
27353039,44140.79000000,0.00679000,299.71596410,1704500102489,True
27353040,44153.14000000,0.00450000,198.68913000,1704500103423,False
27353041,44140.70000000,0.00049000,21.62894300,1704500103535,True
27353042,44147.74000000,0.00014000,6.18068360,1704500108229,False
27353043,44147.74000000,0.00486000,214.55801640,1704500110074,False
27353044,44147.75000000,0.00268000,118.31597000,1704500123696,False
27353045,44147.75000000,0.00679000,299.76322250,1704500123720,False
27353046,44147.76000000,0.00800000,353.18208000,1704500124061,False
27353047,44147.77000000,0.01106000,488.27433620,1704500124061,False
27353048,44147.77000000,0.00278000,122.73080060,1704500131301,False
27353049,44147.77000000,0.00265000,116.99159050,1704500132523,False
27353050,44147.77000000,0.00120000,52.97732400,1704500134044,False
27353051,44147.77000000,0.00422000,186.30358940,1704500135224,False
27353052,44147.78000000,0.00247000,109.04501660,1704500144871,False
27353053,44130.11000000,0.00255000,112.53178050,1704500147944,True
27353054,44130.12000000,0.00185000,81.64072200,1704500149454,True
27353055,44130.13000000,0.00007000,3.08910910,1704500152406,True
27353056,44130.13000000,0.00679000,299.64358270,1704500154212,True
27353057,44130.13000000,0.00800000,353.04104000,1704500154212,True
27353058,44130.12000000,0.02710000,1195.92625200,1704500154228,True
27353059,44130.12000000,0.00003000,1.32390360,1704500154228,True
27353060,44130.00000000,0.00045000,19.85850000,1704500154228,True
27353061,44128.00000000,0.00679000,299.62912000,1704500154228,True
27353062,44126.44000000,0.00003000,1.32379320,1704500154832,True
27353063,44132.33000000,0.00003000,1.32396990,1704500155529,False
27353064,44117.74000000,0.00488000,215.29457120,1704500155794,True
27353065,44117.73000000,0.00016000,7.05883680,1704500156808,True
27353066,44113.86000000,0.00240000,105.87326400,1704500156999,True
27353067,44117.73000000,0.00003000,1.32353190,1704500157844,True
27353068,44113.86000000,0.00062000,27.35059320,1704500157844,True
27353069,44113.86000000,0.00003000,1.32341580,1704500158859,True
27353070,44113.33000000,0.00010000,4.41133300,1704500159888,True
27353071,44131.87000000,0.00010000,4.41318700,1704500160109,False
27353072,44131.82000000,0.00003000,1.32395460,1704500160928,False
27353073,44108.33000000,0.00028000,12.35033240,1704500161358,True
27353074,44105.91000000,0.00671000,295.95065610,1704500163389,True
27353075,44105.91000000,0.00800000,352.84728000,1704500163389,True
27353076,44105.90000000,0.26236000,11571.62392400,1704500163389,True
27353077,44105.91000000,0.00800000,352.84728000,1704500164023,True
27353078,44105.90000000,0.12586000,5551.16857400,1704500164023,True
27353079,44102.01000000,0.00205000,90.40912050,1704500164023,True
27353080,44099.60000000,0.00036000,15.87585600,1704500164023,True
27353081,44119.70000000,0.00036000,15.88309200,1704500164418,False
27353082,44088.81000000,0.00004000,1.76355240,1704500166740,True
27353083,44086.46000000,0.00008000,3.52691680,1704500166740,True
27353084,44086.47000000,0.00009000,3.96778230,1704500169260,True
27353085,44086.47000000,0.00255000,112.42049850,1704500169979,True
27353086,44086.46000000,0.00061000,26.89274060,1704500169979,True
27353087,44085.43000000,0.00049000,21.60186070,1704500169979,True
27353088,44083.35000000,0.00547000,241.13592450,1704500170995,True
27353089,44083.34000000,0.00004000,1.76333360,1704500170995,True
27353090,44080.46000000,0.00003000,1.32241380,1704500172277,True
27353091,44074.70000000,0.00133000,58.61935100,1704500172828,True
27353092,44126.35000000,0.00045000,19.85685750,1704500183554,False
27353093,44126.33000000,0.00003000,1.32378990,1704500184552,False
27353094,44126.32000000,0.00005000,2.20631600,1704500185567,False
27353095,44126.30000000,0.00012000,5.29515600,1704500186552,False
27353096,44079.66000000,0.00800000,352.63728000,1704500228107,True
27353097,44079.65000000,0.00808000,356.16357200,1704500228107,True
27353098,44079.66000000,0.00295000,130.03499700,1704500228124,True
27353099,44119.79000000,0.00195000,86.03359050,1704500230436,False
27353100,44119.78000000,0.00072000,31.76624160,1704500231617,False
27353101,44119.78000000,0.00342000,150.88964760,1704500231692,False
27353102,44119.88000000,0.00141000,62.20903080,1704500232874,False
27353103,44119.88000000,0.00154000,67.94461520,1704500234092,False
27353104,44119.89000000,0.00004000,1.76479560,1704500234092,False
27353105,44119.78000000,0.00157000,69.26805460,1704500235164,True
27353106,44119.78000000,0.02553000,1126.37798340,1704500235195,True
27353107,44119.88000000,0.00057000,25.14833160,1704500235270,False
27353108,44119.88000000,0.00101000,44.56107880,1704500236774,False
27353109,44093.36000000,0.00011000,4.85026960,1704500237612,True
27353110,44119.88000000,0.00303000,133.68323640,1704500237965,False
27353111,44119.88000000,0.00217000,95.74013960,1704500239134,False
27353112,44093.41000000,0.00146000,64.37637860,1704500240023,True
27353113,44093.47000000,0.00254000,111.99741380,1704500241407,True
27353114,44119.88000000,0.00001000,0.44119880,1704500241544,False
27353115,44119.89000000,0.00417000,183.97994130,1704500241544,False
27353116,44093.50000000,0.00799000,352.30706500,1704500241953,True
27353117,44093.50000000,0.00166000,73.19521000,1704500242176,True
27353118,44119.89000000,0.00206000,90.88697340,1704500242768,False
27353119,44119.89000000,0.00254000,112.06452060,1704500242776,False
27353120,44119.90000000,0.00544000,240.01225600,1704500242776,False
27353121,44119.89000000,0.00800000,352.95912000,1704500243946,False
27353122,44119.90000000,0.00382000,168.53801800,1704500243946,False
27353123,44119.89000000,0.00431000,190.15672590,1704500245235,False
27353124,44119.89000000,0.00774000,341.48794860,1704500246458,False
27353125,44119.89000000,0.00026000,11.47117140,1704500246466,False
27353126,44119.90000000,0.00341000,150.44885900,1704500246466,False
27353127,44119.89000000,0.00263000,116.03531070,1704500247632,False
27353128,44119.90000000,0.00798000,352.07680200,1704500247658,False
27353129,44119.90000000,0.00571000,251.92462900,1704500248837,False
27353130,44119.89000000,0.00800000,352.95912000,1704500250402,False
27353131,44119.90000000,0.00985000,434.58101500,1704500250402,False
27353132,44119.89000000,0.01028000,453.55246920,1704500251573,False
27353133,44119.89000000,0.00043000,18.97155270,1704500251573,False
27353134,44119.89000000,0.00372000,164.12599080,1704500251581,False
27353135,44119.89000000,0.00800000,352.95912000,1704500252754,False
27353136,44119.90000000,0.00200000,88.23980000,1704500252754,False
27353137,44119.90000000,0.00179000,78.97462100,1704500254253,False
27353138,44119.90000000,0.00611000,269.57258900,1704500254253,False
27353139,44119.87000000,0.01750000,772.09772500,1704500255419,False
27353140,44119.87000000,0.01490000,657.38606300,1704500256605,False
27353141,44119.86000000,0.00184000,81.18054240,1704500258109,False
27353142,44119.90000000,0.00485000,213.98151500,1704500258113,False
27353143,44093.53000000,0.00255000,112.43850150,1704500258499,True
27353144,44093.53000000,0.00679000,299.39506870,1704500258499,True
27353145,44119.88000000,0.00103000,45.44347640,1704500259273,False
27353146,44119.88000000,0.00465000,205.15744200,1704500259273,False
27353147,44119.88000000,0.00214000,94.41654320,1704500259280,False
27353148,44119.90000000,0.00566000,249.71863400,1704500259280,False
27353149,44119.90000000,0.01541000,679.88765900,1704500260490,False
27353150,44119.90000000,0.01117000,492.81928300,1704500261685,False
27353151,44119.88000000,0.00398000,175.59712240,1704500262838,False
27353152,44119.89000000,0.00161000,71.03302290,1704500262838,False
27353153,44119.90000000,0.00020000,8.82398000,1704500262847,False
27353154,44119.89000000,0.00522000,230.30582580,1704500264347,False
27353155,44119.90000000,0.00007000,3.08839300,1704500264347,False
27353156,44120.00000000,0.00767000,338.40040000,1704500264347,False
27353157,44120.00000000,0.00521000,229.86520000,1704500264352,False
27353158,44120.00000000,0.01144000,504.73280000,1704500265516,False
27353159,44120.00000000,0.00521000,229.86520000,1704500265523,False
27353160,44120.00000000,0.02313000,1020.49560000,1704500266701,False
27353161,44120.00000000,0.01313000,579.29560000,1704500268221,False
27353162,44120.00000000,0.00652000,287.66240000,1704500269397,False
27353163,44120.00000000,0.01082000,477.37840000,1704500270570,False
27353164,44120.00000000,0.00783000,345.45960000,1704500270576,False
27353165,44120.00000000,0.00465000,205.15800000,1704500271768,False
27353166,44119.98000000,0.00209000,92.21075820,1704500272940,False
27353167,44120.00000000,0.01535000,677.24200000,1704500272940,False
27353168,44120.00000000,0.00208000,91.76960000,1704500272945,False
27353169,44120.00000000,0.01849000,815.77880000,1704500274118,False
27353170,44120.00000000,0.00208000,91.76960000,1704500274127,False
27353171,44089.05000000,0.00009000,3.96801450,1704500274828,True
27353172,44120.00000000,0.01823000,804.30760000,1704500283760,False
27353173,44089.06000000,0.00009000,3.96801540,1704500284085,True
27353174,44120.00000000,0.03476000,1533.61120000,1704500284940,False
27353175,44120.00000000,0.00978000,431.49360000,1704500286123,False
27353176,44089.05000000,0.00009000,3.96801450,1704500286377,True
27353177,44089.05000000,0.00046000,20.28096300,1704500286903,True
27353178,44089.07000000,0.00025000,11.02226750,1704500287434,True
27353179,44089.07000000,0.00267000,117.71781690,1704500287658,True
27353180,44089.07000000,0.00065000,28.65789550,1704500287882,True
27353181,44089.07000000,0.00069000,30.42145830,1704500299902,True
27353182,44089.07000000,0.00069000,30.42145830,1704500299934,True
27353183,44089.07000000,0.00184000,81.12388880,1704500318247,True
27353184,44089.07000000,0.00679000,299.36478530,1704500322739,True
27353185,44089.07000000,0.00031000,13.66761170,1704500322739,True
27353186,44089.05000000,0.00013000,5.73157650,1704500330887,True
27353187,44089.05000000,0.00039000,17.19472950,1704500330887,True
27353188,44073.11000000,0.00800000,352.58488000,1704500330887,True
27353189,44073.10000000,0.26150000,11525.11565000,1704500330887,True
27353190,44073.00000000,0.00680000,299.69640000,1704500330887,True
27353191,44065.44000000,0.00306000,134.84024640,1704500330887,True
27353192,44062.50000000,0.00028000,12.33750000,1704500330887,True
27353193,44060.96000000,0.00045000,19.82743200,1704500330887,True
27353194,44055.01000000,0.00210000,92.51552100,1704500330887,True
27353195,44055.01000000,0.35591000,15679.61860910,1704500330887,True
27353196,44073.13000000,0.07593000,3346.47276090,1704500334121,True
27353197,44073.15000000,0.00613000,270.16840950,1704500336122,True
27353198,44073.14000000,0.00032000,14.10340480,1704500337122,True
27353199,44073.11000000,0.00800000,352.58488000,1704500338121,True
27353200,44113.73000000,0.00009000,3.97023570,1704500340110,False
27353201,44064.61000000,0.00008000,3.52516880,1704500342042,True
27353202,44108.32000000,0.00072000,31.75799040,1704500342447,False
27353203,44064.62000000,0.00007000,3.08452340,1704500343024,True
27353204,44105.44000000,0.00013000,5.73370720,1704500344415,False
27353205,44064.62000000,0.00008000,3.52516960,1704500345170,True
27353206,44064.61000000,0.00057000,25.11682770,1704500345679,True
27353207,44064.62000000,0.00008000,3.52516960,1704500346686,True
27353208,44064.62000000,0.00019000,8.37227780,1704500347521,True
27353209,44064.61000000,0.00030000,13.21938300,1704500347521,True
27353210,44064.62000000,0.00057000,25.11683340,1704500348089,True
27353211,44064.61000000,0.00178000,78.43500580,1704500348089,True
27353212,44064.61000000,0.00006000,2.64387660,1704500349097,True
27353213,44064.63000000,0.00050000,22.03231500,1704500350053,True
27353214,44064.60000000,0.00860000,378.95556000,1704500350121,True
27353215,44064.61000000,0.00706000,311.09614660,1704500350353,True
27353216,44064.63000000,0.00094000,41.42075220,1704500353621,True
27353217,44064.71000000,0.01340000,590.46711400,1704500357280,True
27353218,44104.98000000,0.00086000,37.93028280,1704500357670,False
27353219,44064.73000000,0.00623000,274.52326790,1704500358628,True
27353220,44064.75000000,0.00003000,1.32194250,1704500360232,True
27353221,44064.76000000,0.00003000,1.32194280,1704500361139,True
27353222,44064.61000000,0.00003000,1.32193830,1704500369140,True
27353223,44064.61000000,0.00400000,176.25844000,1704500369474,True
27353224,44104.49000000,0.00254000,112.02540460,1704500371396,False
27353225,44104.31000000,0.00800000,352.83448000,1704500377110,False
27353226,44104.31000000,0.00680000,299.90930800,1704500377110,False
27353227,44104.32000000,0.01240000,546.89356800,1704500377110,False
27353228,44064.63000000,0.00003000,1.32193890,1704500382679,True
27353229,44104.12000000,0.00800000,352.83296000,1704500382935,False
27353230,44104.12000000,0.00679000,299.46697480,1704500382935,False
27353231,44104.09000000,0.00254000,112.02438860,1704500383163,False
27353232,44064.65000000,0.00003000,1.32193950,1704500386647,True
27353233,44064.65000000,0.00677000,298.31768050,1704500388193,True
27353234,44064.61000000,0.00317000,139.68481370,1704500388193,True
27353235,44104.36000000,0.00072000,31.75513920,1704500402644,False
27353236,44104.37000000,0.00192000,84.68039040,1704500402655,False
27353237,44104.37000000,0.00072000,31.75514640,1704500402665,False
27353238,44066.73000000,0.00450000,198.30028500,1704500403647,True
27353239,44066.73000000,0.00068000,29.96537640,1704500403702,True
27353240,44104.36000000,0.00023000,10.14400280,1704500406335,False
27353241,44104.36000000,0.02720000,1199.63859200,1704500409127,True
27353242,44105.46000000,0.00071000,31.31487660,1704500409200,False
27353243,44105.46000000,0.00001000,0.44105460,1704500409214,False
27353244,44106.70000000,0.00006000,2.64640200,1704500409214,False
27353245,44106.55000000,0.00072000,31.75671600,1704500412828,False
27353246,44106.55000000,0.00799000,352.41133450,1704500413038,False
27353247,44106.55000000,0.00799000,352.41133450,1704500414408,False
27353248,44078.84000000,0.00680000,299.73611200,1704500419036,True
27353249,44078.83000000,0.00800000,352.63064000,1704500419036,True
27353250,44078.82000000,0.00128000,56.42088960,1704500419036,True
27353251,44078.83000000,0.00293000,129.15097190,1704500419148,True
27353252,44078.91000000,0.00183000,80.66440530,1704500420507,True
27353253,44078.91000000,0.00078000,34.38154980,1704500420731,True
27353254,44106.55000000,0.00072000,31.75671600,1704500421454,False
27353255,44106.52000000,0.01127000,497.08048040,1704500423246,False
27353256,44106.52000000,0.00817000,360.35026840,1704500423450,False
27353257,44106.52000000,0.01906000,840.67027120,1704500423675,False
27353258,44106.52000000,0.01906000,840.67027120,1704500423899,False
27353259,44106.50000000,0.00003000,1.32319500,1704500425827,False
27353260,44106.49000000,0.00799000,352.41085510,1704500426396,False
27353261,44079.12000000,0.00136000,59.94760320,1704500429331,True
27353262,44106.41000000,0.00800000,352.85128000,1704500430810,False
27353263,44106.41000000,0.00680000,299.92358800,1704500430810,False
27353264,44106.42000000,0.03177000,1401.26096340,1704500430810,False
27353265,44106.42000000,0.01317000,580.88155140,1704500430837,False
27353266,44106.57000000,0.00254000,112.03068780,1704500431609,False
27353267,44106.57000000,0.00254000,112.03068780,1704500432273,False
27353268,44106.57000000,0.01906000,840.67122420,1704500432952,False
27353269,44106.57000000,0.00305000,134.52503850,1704500433180,False
27353270,44106.57000000,0.00001000,0.44106570,1704500434644,False
27353271,44106.70000000,0.00999000,440.62593300,1704500434644,False
27353272,44106.70000000,0.00487000,214.79962900,1704500434765,False
27353273,44106.70000000,0.01228000,541.63027600,1704500437128,False
27353274,44108.33000000,0.00028000,12.35033240,1704500437142,False
27353275,44113.86000000,0.00306000,134.98841160,1704500437142,False
27353276,44120.00000000,0.01786000,787.98320000,1704500437156,False
27353277,44121.99000000,0.02175000,959.65328250,1704500439662,False
27353278,44121.99000000,0.00167000,73.68372330,1704500442813,False
27353279,44121.99000000,0.00255000,112.51107450,1704500443594,False
27353280,44121.99000000,0.00033000,14.56025670,1704500445166,False
27353281,44121.99000000,0.00080000,35.29759200,1704500445173,False
27353282,44126.44000000,0.00003000,1.32379320,1704500445173,False
27353283,44129.91000000,0.00030000,13.23897300,1704500445173,False
27353284,44129.89000000,0.00147000,64.87093830,1704500446351,False
27353285,44129.87000000,0.00401000,176.96077870,1704500447868,False
27353286,44129.82000000,0.00111000,48.98410020,1704500449377,False
27353287,44129.77000000,0.00667000,294.34556590,1704500450879,False
27353288,44129.76000000,0.00643000,283.75435680,1704500452053,False
27353289,44129.72000000,0.00368000,162.39736960,1704500453271,False
27353290,44129.70000000,0.00761000,335.82701700,1704500454460,False
27353291,44129.67000000,0.00757000,334.06160190,1704500455977,False
27353292,44129.67000000,0.00254000,112.08936180,1704500456259,False
27353293,44129.67000000,0.00417000,184.02072390,1704500457167,False
27353294,44129.67000000,0.00008000,3.53037360,1704500458337,False
27353295,44129.68000000,0.00297000,131.06514960,1704500458337,False
27353296,44129.67000000,0.00817000,360.53940390,1704500458526,False
27353297,44129.66000000,0.00980000,432.47066800,1704500459645,False
27353298,44129.59000000,0.00946000,417.46592140,1704500461161,False
27353299,44129.91000000,0.00042000,18.53456220,1704500462630,False
27353300,44130.00000000,0.00045000,19.85850000,1704500462630,False
27353301,44130.00000000,0.00531000,234.33030000,1704500462630,False
27353302,44130.00000000,0.00042000,18.53460000,1704500462636,False
27353303,44130.00000000,0.00107000,47.21910000,1704500463246,False
27353304,44132.32000000,0.00005000,2.20661600,1704500463246,False
27353305,44132.32000000,0.00235000,103.71095200,1704500463812,False
27353306,44132.32000000,0.00107000,47.22158240,1704500463821,False
27353307,44132.32000000,0.00474000,209.18719680,1704500465025,False
27353308,44132.30000000,0.01242000,548.12316600,1704500466252,False
27353309,44132.33000000,0.00231000,101.94568230,1704500467498,False
27353310,44132.32000000,0.01906000,841.16201920,1704500468485,False
27353311,44132.32000000,0.01790000,789.96852800,1704500468681,False
27353312,44132.30000000,0.00344000,151.81511200,1704500469859,False
27353313,44132.27000000,0.01880000,829.68667600,1704500471023,False
27353314,44132.32000000,0.00597000,263.46995040,1704500472203,False
27353315,44132.32000000,0.00003000,1.32396960,1704500474317,False
27353316,44132.32000000,0.00003000,1.32396960,1704500477976,False
27353317,44104.25000000,0.00213000,93.94205250,1704500481422,True
27353318,44104.25000000,0.00213000,93.94205250,1704500481541,True
27353319,44132.32000000,0.00003000,1.32396960,1704500481589,False
27353320,44104.32000000,0.02269000,1000.72702080,1704500483228,True
27353321,44104.34000000,0.00039000,17.20069260,1704500483863,True
27353322,44104.34000000,0.00193000,85.12137620,1704500484095,True
27353323,44104.53000000,0.00009000,3.96940770,1704500491003,True
27353324,44132.32000000,0.01906000,841.16201920,1704500495467,False
27353325,44105.07000000,0.00016000,7.05681120,1704500509971,True
27353326,44105.10000000,0.00023000,10.14417300,1704500511752,True
27353327,44105.10000000,0.00266000,117.31956600,1704500511983,True
27353328,44105.10000000,0.00390000,172.00989000,1704500514622,True
27353329,44104.33000000,0.00085000,37.48868050,1704500514622,True
27353330,44104.32000000,0.01935000,853.41859200,1704500537136,True
27353331,44131.66000000,0.00409000,180.49848940,1704500537492,False
27353332,44131.62000000,0.00003000,1.32394860,1704500538653,False
27353333,44131.62000000,0.00087000,38.39450940,1704500538669,False
27353334,44131.60000000,0.00289000,127.54032400,1704500539840,False
27353335,44092.32000000,0.00800000,352.73856000,1704500540258,True
27353336,44092.32000000,0.00310000,136.68619200,1704500540258,True
27353337,44131.57000000,0.00152000,67.07998640,1704500541018,False
27353338,44131.53000000,0.00003000,1.32394590,1704500542160,False
27353339,44131.53000000,0.00123000,54.28178190,1704500542203,False
27353340,44131.54000000,0.00254000,112.09411160,1704500542203,False
27353341,44092.33000000,0.00181000,79.80711730,1704500543328,True
27353342,44131.51000000,0.00252000,111.21140520,1704500543390,False
27353343,44092.34000000,0.00181000,79.80713540,1704500544549,True
27353344,44131.48000000,0.00553000,244.04708440,1704500544598,False
27353345,44092.36000000,0.00527000,232.36673720,1704500545606,True
27353346,44131.46000000,0.00758000,334.51646680,1704500545744,False
27353347,44131.46000000,0.00003000,1.32394380,1704500545870,False
27353348,44131.44000000,0.00607000,267.87784080,1704500546928,False
27353349,44131.45000000,0.00050000,22.06572500,1704500548107,False
27353350,44131.46000000,0.00270000,119.15494200,1704500548107,False
27353351,44131.60000000,0.00348000,153.57796800,1704500549292,False
27353352,44080.56000000,0.01584000,698.23607040,1704500549929,True
27353353,44080.56000000,0.00578000,254.78563680,1704500549929,True
27353354,44130.01000000,0.01132000,499.55171320,1704500550493,False
27353355,44080.57000000,0.00800000,352.64456000,1704500551084,True
27353356,44080.57000000,0.00679000,299.30707030,1704500551084,True
27353357,44080.56000000,0.01329000,585.83064240,1704500551084,True
27353358,44080.50000000,0.00549000,242.00194500,1704500551084,True
27353359,44080.46000000,0.00003000,1.32241380,1704500551084,True
27353360,44125.67000000,0.00438000,193.27043460,1704500553218,False
27353361,44125.65000000,0.00400000,176.50260000,1704500554410,False
27353362,44125.65000000,0.00251000,110.75538150,1704500554410,False
27353363,44125.64000000,0.00309000,136.34822760,1704500555599,False
27353364,44125.63000000,0.00116000,51.18573080,1704500556777,False
27353365,44125.62000000,0.00679000,299.61295980,1704500557949,False
27353366,44125.70000000,0.00366000,161.50006200,1704500557949,False
27353367,44092.67000000,0.00005000,2.20463350,1704500566828,False
27353368,44092.67000000,0.00004000,1.76370680,1704500567523,False
27353369,44114.64000000,0.00277000,122.19755280,1704500567523,False
27353370,44114.63000000,0.02720000,1199.91793600,1704500573987,False
27353371,44114.62000000,0.00035000,15.44011700,1704500581636,False
27353372,44114.62000000,0.00068000,29.99794160,1704500582974,False
27353373,44114.61000000,0.00100000,44.11461000,1704500624202,False
27353374,44114.60000000,0.00199000,87.78805400,1704500625394,False
27353375,44114.61000000,0.02720000,1199.91739200,1704500625961,False
27353376,44114.60000000,0.00359000,158.37141400,1704500626632,False
27353377,44114.61000000,0.00305000,134.54956050,1704500628147,False
27353378,44114.61000000,0.00059000,26.02761990,1704500629324,False
27353379,44114.60000000,0.00505000,222.77873000,1704500630566,False
27353380,44114.60000000,0.00003000,1.32343800,1704500631993,False
27353381,44114.60000000,0.00666000,293.80323600,1704500632072,False
27353382,44114.60000000,0.00902000,397.91369200,1704500633261,False
27353383,44114.61000000,0.00208000,91.75838880,1704500634771,False
27353384,44114.60000000,0.00003000,1.32343800,1704500635726,False
27353385,44114.61000000,0.00003000,1.32343830,1704500635790,False
27353386,44114.60000000,0.00205000,90.43493000,1704500636273,False
27353387,44114.61000000,0.00208000,91.75838880,1704500637501,False
27353388,44070.57000000,0.00207000,91.22607990,1704500638041,True
27353389,44070.57000000,0.00072000,31.73081040,1704500638271,True
27353390,44070.57000000,0.00510000,224.75990700,1704500638531,True
27353391,44114.59000000,0.00208000,91.75834720,1704500638689,False
27353392,44070.59000000,0.00799000,352.12401410,1704500638724,True
27353393,44070.59000000,0.00266000,117.22776940,1704500638950,True
27353394,44070.59000000,0.00003000,1.32211770,1704500639680,True
27353395,44070.59000000,0.00065000,28.64588350,1704500639680,True
27353396,44114.54000000,0.00244000,107.63947760,1704500640203,False
27353397,44114.55000000,0.00589000,259.83469950,1704500641417,False
27353398,44114.53000000,0.00308000,135.87275240,1704500642603,False
27353399,44114.52000000,0.00003000,1.32343560,1704500642856,False
27353400,44114.56000000,0.00800000,352.91648000,1704500643817,False
27353401,44114.57000000,0.00962000,424.38216340,1704500643817,False
27353402,44114.52000000,0.00822000,362.62135440,1704500644997,False
27353403,44114.56000000,0.00018000,7.94062080,1704500644997,False
27353404,44114.56000000,0.00226000,99.69890560,1704500646509,False
27353405,44114.56000000,0.00050000,22.05728000,1704500647687,False
27353406,44114.57000000,0.00705000,311.00771850,1704500647687,False
27353407,44114.57000000,0.00003000,1.32343710,1704500648568,False
27353408,44114.57000000,0.00146000,64.40727220,1704500649200,False
27353409,44114.57000000,0.01943000,857.14609510,1704500650376,False
27353410,44068.22000000,0.00066000,29.08502520,1704500659287,True
27353411,44068.22000000,0.00050000,22.03411000,1704500659766,True
27353412,44068.22000000,0.00209000,92.10257980,1704500660001,True
27353413,44068.23000000,0.00267000,117.66217410,1704500662238,True
27353414,44081.57000000,0.00011000,4.84897270,1704500665850,False
27353415,44068.25000000,0.00070000,30.84777500,1704500667801,True
27353416,44068.25000000,0.00070000,30.84777500,1704500667931,True
27353417,44068.25000000,0.00060000,26.44095000,1704500669049,True
27353418,44068.25000000,0.00045000,19.83071250,1704500669230,True
27353419,44068.25000000,0.00320000,141.01840000,1704500669230,True
27353420,44068.25000000,0.00061000,26.88163250,1704500669237,True
27353421,44065.44000000,0.00287000,126.46781280,1704500669995,True
27353422,44065.44000000,0.00018000,7.93177920,1704500671312,True
27353423,44065.45000000,0.00800000,352.52360000,1704500672155,True
27353424,44065.44000000,0.00001000,0.44065440,1704500672155,True
27353425,44065.44000000,0.00090000,39.65889600,1704500672155,True
27353426,44065.45000000,0.00622000,274.08709900,1704500672444,True
27353427,44065.45000000,0.00066000,29.08319700,1704500673077,True
27353428,44065.44000000,0.00799000,352.08286560,1704500673120,True
27353429,44065.44000000,0.00200000,88.13088000,1704500673348,True
27353430,44065.45000000,0.00049000,21.59207050,1704500673896,True
27353431,44065.44000000,0.01386000,610.74699840,1704500673896,True
27353432,44065.44000000,0.00240000,105.75705600,1704500674905,True
27353433,44064.61000000,0.00262000,115.44927820,1704500676703,True
27353434,44067.64000000,0.02710000,1194.23304400,1704500676787,False
27353435,44062.50000000,0.00005000,2.20312500,1704500683026,True
27353436,44062.50000000,0.00023000,10.13437500,1704500684296,True
27353437,44062.50000000,0.00041000,18.06562500,1704500684296,True
27353438,44060.96000000,0.00045000,19.82743200,1704500684403,True
27353439,44055.01000000,0.00019000,8.37045190,1704500684403,True
27353440,44055.00000000,0.00065000,28.63575000,1704500684444,True
27353441,44055.01000000,0.00291000,128.20007910,1704500684670,True
27353442,44055.01000000,0.00109000,48.01996090,1704500686931,True
27353443,44055.01000000,0.00109000,48.01996090,1704500687722,True
27353444,44081.52000000,0.00009000,3.96733680,1704500700124,False
27353445,44081.52000000,0.00127000,55.98353040,1704500701862,False
27353446,44081.52000000,0.00211000,93.01200720,1704500701862,False
27353447,44055.01000000,0.00044000,19.38420440,1704500706030,True
27353448,44081.47000000,0.00079000,34.82436130,1704500706451,False
27353449,44081.47000000,0.00680000,299.75399600,1704500706451,False
27353450,44081.49000000,0.00095000,41.87741550,1704500706451,False
27353451,44055.01000000,0.00012000,5.28660120,1704500707386,True
27353452,44081.48000000,0.00049000,21.59992520,1704500708622,False
27353453,44081.49000000,0.00023000,10.13874270,1704500708622,False
27353454,44055.01000000,0.00015000,6.60825150,1704500710253,True
27353455,44055.01000000,0.00204000,89.87222040,1704500710462,True
27353456,44055.01000000,0.00461000,203.09359610,1704500710687,True
27353457,44055.01000000,0.00704000,310.14727040,1704500710687,True
27353458,44055.00000000,0.53969000,23776.04295000,1704500716787,True
27353459,44054.65000000,0.00204000,89.87148600,1704500717479,True
27353460,44054.67000000,0.00194000,85.46605980,1704500718156,True
27353461,44054.67000000,0.00331000,145.82095770,1704500718382,True
27353462,44054.65000000,0.00001000,0.44054650,1704500740722,True
27353463,44053.86000000,0.00036000,15.85938960,1704500741792,True
27353464,44052.37000000,0.00600000,264.31422000,1704500743098,True
27353465,44080.01000000,0.00800000,352.64008000,1704500926261,True
27353466,44080.00000000,0.04670000,2058.53600000,1704500926261,True
27353467,44070.40000000,0.03530000,1555.68512000,1704500926261,True
27353468,44052.41000000,0.00164000,72.24595240,1704500977156,True
27353469,44054.58000000,0.00500000,220.27290000,1704501046594,True
27353470,44054.58000000,0.00680000,299.57114400,1704501046594,True
27353471,44054.57000000,0.01906000,839.68010420,1704501046594,True
27353472,44093.14000000,0.00035000,15.43259900,1704501061578,False
27353473,44093.14000000,0.00068000,29.98333520,1704501063046,False
27353474,44093.14000000,0.00061000,26.89681540,1704501064766,False
27353475,44093.14000000,0.00051000,22.48750140,1704501064766,False
27353476,44093.03000000,0.00003000,1.32279090,1704501075205,False
27353477,44092.98000000,0.00003000,1.32278940,1704501078764,False
27353478,44092.96000000,0.00003000,1.32278880,1704501082277,False
27353479,44092.91000000,0.00003000,1.32278730,1704501085822,False
27353480,44055.54000000,0.00007000,3.08388780,1704501109929,True
27353481,44055.54000000,0.00009000,3.96499860,1704501109929,True
27353482,44052.37000000,0.43228000,19042.95850360,1704501113079,True
27353483,44059.91000000,0.00013000,5.72778830,1704501113621,False
27353484,44091.79000000,0.00059000,26.01415610,1704501113621,False
27353485,44088.48000000,0.00800000,352.70784000,1704501118562,False
27353486,44088.49000000,0.01900000,837.68131000,1704501118562,False
27353487,44088.51000000,0.00020000,8.81770200,1704501118562,False
27353488,44050.00000000,0.00100000,44.05000000,1704501126870,True
27353489,44049.53000000,0.00012000,5.28594360,1704501127895,True
27353490,44047.89000000,0.00407000,179.27491230,1704501128927,True
27353491,44047.11000000,0.00400000,176.18844000,1704501129951,True
27353492,44041.36000000,0.00600000,264.24816000,1704501130989,True
27353493,44041.36000000,0.00003000,1.32124080,1704501138091,True
27353494,44041.36000000,0.00003000,1.32124080,1704501142125,True
27353495,44037.58000000,0.00260000,114.49770800,1704501143225,True
27353496,44037.58000000,0.00007000,3.08263060,1704501143225,True
27353497,44036.10000000,0.00400000,176.14440000,1704501144234,True
27353498,44036.10000000,0.00003000,1.32108300,1704501145242,True
27353499,44034.48000000,0.00003000,1.32103440,1704501145242,True
27353500,44030.35000000,0.00600000,264.18210000,1704501146250,True
27353501,44030.36000000,0.00009000,3.96273240,1704501154405,True
27353502,44079.54000000,0.00003000,1.32238620,1704501174817,False
27353503,44079.52000000,0.00003000,1.32238560,1704501199243,False
27353504,44031.51000000,0.00010000,4.40315100,1704501199939,True
27353505,44031.51000000,0.00012000,5.28378120,1704501199939,True
27353506,44030.15000000,0.00049000,21.57477350,1704501199939,True
27353507,44029.31000000,0.00039000,17.17143090,1704501199939,True
27353508,44027.68000000,0.00018000,7.92498240,1704501199939,True
27353509,44026.08000000,0.00010000,4.40260800,1704501199939,True
27353510,44025.09000000,0.00400000,176.10036000,1704501199939,True
27353511,44025.00000000,0.00048000,21.13200000,1704501199939,True
27353512,44023.97000000,0.00014000,6.16335580,1704501199939,True
27353513,44079.39000000,0.00003000,1.32238170,1704501206015,False
27353514,44079.39000000,0.00072000,31.73716080,1704501206581,False
27353515,44079.39000000,0.00003000,1.32238170,1704501210356,False
27353516,44046.39000000,0.00006000,2.64278340,1704501228754,False
27353517,44064.79000000,0.00002000,0.88129580,1704501228754,False
27353518,44064.79000000,0.00009000,3.96583110,1704501233689,False
27353519,44064.79000000,0.00010000,4.40647900,1704501240125,False
27353520,44064.79000000,0.00007000,3.08453530,1704501240793,False
27353521,44024.40000000,0.00068000,29.93659200,1704501243027,True
27353522,44064.79000000,0.00005000,2.20323950,1704501258019,False
27353523,44064.79000000,0.00039000,17.18526810,1704501259770,False
27353524,44064.79000000,0.00680000,299.64057200,1704501259770,False
27353525,44064.79000000,0.02001000,881.73644790,1704501260132,True
27353526,44079.35000000,0.00258000,113.72472300,1704501260579,False
27353527,44066.98000000,0.00003000,1.32200940,1704501262326,False
27353528,44066.98000000,0.00072000,31.72822560,1704501263117,False
27353529,44066.98000000,0.00003000,1.32200940,1704501265864,False
27353530,44066.98000000,0.00003000,1.32200940,1704501269370,False
27353531,44066.98000000,0.00003000,1.32200940,1704501273032,False
27353532,44037.49000000,0.00012000,5.28449880,1704501290881,True
27353533,44066.98000000,0.00012000,5.28803760,1704501304817,False
27353534,44066.98000000,0.00007000,3.08468860,1704501308390,False
27353535,44065.00000000,0.00010000,4.40650000,1704501319056,False
27353536,44065.00000000,0.00190000,83.72350000,1704501332262,False
27353537,44064.99000000,0.00008000,3.52519920,1704501348224,False
27353538,44065.00000000,0.43228000,19048.41820000,1704501355589,False
27353539,44066.99000000,0.00454000,200.06413460,1704501355844,False
27353540,44066.99000000,0.02266000,998.55799340,1704501356008,False
27353541,44080.46000000,0.00003000,1.32241380,1704501362281,False
27353542,44080.83000000,0.00072000,31.73819760,1704501362281,False
27353543,44085.43000000,0.00049000,21.60186070,1704501363670,False
27353544,44093.19000000,0.00072000,31.74709680,1704501364608,False
27353545,44093.19000000,0.00048000,21.16473120,1704501364859,False
27353546,44093.21000000,0.00072000,31.74711120,1704501364859,False
27353547,44093.98000000,0.00800000,352.75184000,1704501364859,False
27353548,44093.99000000,0.00080000,35.27519200,1704501364859,False
27353549,44093.98000000,0.00800000,352.75184000,1704501365879,False
27353550,44093.99000000,0.00200000,88.18798000,1704501365879,False
27353551,44067.56000000,0.00014000,6.16945840,1704501366012,True
27353552,44093.98000000,0.00800000,352.75184000,1704501366886,False
27353553,44093.99000000,0.00200000,88.18798000,1704501366886,False
27353554,44093.98000000,0.00003000,1.32281940,1704501367771,False
27353555,44093.98000000,0.00800000,352.75184000,1704501367915,False
27353556,44093.99000000,0.00200000,88.18798000,1704501367915,False
27353557,44093.98000000,0.00003000,1.32281940,1704501368094,False
27353558,44093.98000000,0.00800000,352.75184000,1704501368902,False
27353559,44093.99000000,0.00200000,88.18798000,1704501368902,False
27353560,44093.99000000,0.01840000,811.32941600,1704501369924,False
27353561,44093.99000000,0.00003000,1.32281970,1704501376037,False
27353562,44097.82000000,0.00072000,31.75043040,1704501376037,False
27353563,44099.60000000,0.00003000,1.32298800,1704501377696,False
27353564,44099.60000000,0.00033000,14.55286800,1704501379331,False
27353565,44102.01000000,0.00205000,90.40912050,1704501379331,False
27353566,44108.33000000,0.00028000,12.35033240,1704501382372,False
27353567,44113.86000000,0.00187000,82.49291820,1704501382651,False
27353568,44113.86000000,0.00119000,52.49549340,1704501390770,False
27353569,44116.82000000,0.02206000,973.21704920,1704501392211,False
27353570,44116.82000000,0.00514000,226.76045480,1704501393506,False
27353571,44116.85000000,0.00486000,214.40789100,1704501393506,False
27353572,44116.85000000,0.00003000,1.32350550,1704501418514,False
27353573,44116.85000000,0.00003000,1.32350550,1704501422122,False
27353574,44116.85000000,0.00003000,1.32350550,1704501425620,False
27353575,44066.85000000,0.00800000,352.53480000,1704501426462,True
27353576,44066.85000000,0.00680000,299.65458000,1704501426462,True
27353577,44066.54000000,0.00291000,128.23363140,1704501427829,True
27353578,44065.44000000,0.00306000,134.84024640,1704501429127,True
27353579,44066.56000000,0.00800000,352.53248000,1704501430183,True
27353580,44066.54000000,0.00003000,1.32199620,1704501430183,True
27353581,44062.53000000,0.01050000,462.65656500,1704501432832,True
27353582,44062.53000000,0.00012000,5.28750360,1704501435510,False
27353583,44062.56000000,0.00151000,66.53446560,1704501441899,True
27353584,44062.50000000,0.00028000,12.33750000,1704501441899,True
27353585,44054.76000000,0.00036000,15.85971360,1704501453376,True
27353586,44106.92000000,0.00003000,1.32320760,1704501469302,False
27353587,44097.58000000,0.00003000,1.32292740,1704501477354,False
27353588,44097.56000000,0.00003000,1.32292680,1704501480433,False
27353589,44097.52000000,0.00003000,1.32292560,1704501483882,False
27353590,44097.49000000,0.00003000,1.32292470,1704501487383,False
27353591,44097.45000000,0.00003000,1.32292350,1704501490917,False
27353592,44064.45000000,0.00012000,5.28773400,1704501514646,False
27353593,44064.45000000,0.00038000,16.74449100,1704501514646,False
27353594,44064.45000000,0.00014000,6.16902300,1704501516701,False
27353595,44064.45000000,0.00072000,31.72640400,1704501517571,False
27353596,44091.65000000,0.00003000,1.32274950,1704501535565,False
27353597,44091.55000000,0.00003000,1.32274650,1704501542481,False
27353598,44091.54000000,0.00036000,15.87295440,1704501543591,False
27353599,44091.50000000,0.00003000,1.32274500,1704501546000,False
27353600,44091.48000000,0.00007000,3.08640360,1704501547399,False
27353601,44091.47000000,0.00008000,3.52731760,1704501548231,False
27353602,44091.46000000,0.00003000,1.32274380,1704501549456,False
27353603,44091.45000000,0.00003000,1.32274350,1704501552996,False
27353604,44059.02000000,0.00021000,9.25239420,1704501561875,True
27353605,44059.02000000,0.00281000,123.80584620,1704501561875,True
27353606,44059.02000000,0.00014000,6.16826280,1704501562942,True
27353607,44054.65000000,0.00020000,8.81093000,1704501564206,True
27353608,44054.65000000,0.00185000,81.50110250,1704501564812,True
27353609,44053.86000000,0.00036000,15.85938960,1704501564812,True
27353610,44058.44000000,0.00003000,1.32175320,1704501574776,False
27353611,44058.41000000,0.00680000,299.59718800,1704501604074,False
27353612,44058.42000000,0.00043000,18.94512060,1704501607110,False
27353613,44044.80000000,0.00680000,299.50464000,1704501615714,True
27353614,44044.79000000,0.00320000,140.94332800,1704501615714,True
27353615,44044.80000000,0.00800000,352.35840000,1704501617264,True
27353616,44044.79000000,0.00200000,88.08958000,1704501617264,True
27353617,44044.80000000,0.00800000,352.35840000,1704501618386,True
27353618,44044.79000000,0.00200000,88.08958000,1704501618386,True
27353619,44044.80000000,0.00800000,352.35840000,1704501619400,True
27353620,44044.79000000,0.00200000,88.08958000,1704501619400,True
27353621,44050.52000000,0.00012000,5.28606240,1704501655867,True
27353622,44089.85000000,0.00100000,44.08985000,1704501657212,False
27353623,44089.79000000,0.00112000,49.38056480,1704501665477,False
27353624,44089.77000000,0.00068000,29.98104360,1704501667417,False
27353625,44050.88000000,0.00030000,13.21526400,1704501699751,True
27353626,44050.88000000,0.00009000,3.96457920,1704501699751,True
27353627,44050.88000000,0.00017000,7.48864960,1704501699751,True
27353628,44050.88000000,0.00013000,5.72661440,1704501699751,True
27353629,44050.88000000,0.00030000,13.21526400,1704501700846,True
27353630,44050.43000000,0.00038000,16.73916340,1704501701582,False
27353631,44089.54000000,0.00034000,14.99044360,1704501701582,False
27353632,44044.92000000,0.00800000,352.35936000,1704501722695,True
27353633,44044.91000000,0.98456000,43364.85658960,1704501722695,True
27353634,44085.46000000,0.00006000,2.64512760,1704501769466,False
27353635,44044.80000000,0.00100000,44.04480000,1704501799221,True
27353636,44044.79000000,0.09080000,3999.26693200,1704501800221,True
27353637,44044.79000000,0.00003000,1.32134370,1704501806198,True
27353638,44034.48000000,0.00003000,1.32103440,1704501827039,True
27353639,44044.78000000,0.00010000,4.40447800,1704501840110,False
27353640,44044.65000000,0.00070000,30.83125500,1704501853515,False
27353641,44044.36000000,0.00003000,1.32133080,1704501868090,False
27353642,44044.28000000,0.00003000,1.32132840,1704501871854,False
27353643,44044.26000000,0.00003000,1.32132780,1704501875328,False
27353644,44044.20000000,0.00003000,1.32132600,1704501878971,False
27353645,44033.20000000,0.00010000,4.40332000,1704501889535,False
27353646,44030.15000000,0.00049000,21.57477350,1704501900276,True
27353647,44026.91000000,0.00050000,22.01345500,1704501919919,True
27353648,44026.91000000,0.00007000,3.08188370,1704501919919,True
27353649,44026.90000000,0.00943000,415.17366700,1704501919919,True
27353650,44026.90000000,0.25207000,11097.86068300,1704501920229,True
27353651,44025.00000000,0.01648000,725.53200000,1704501921271,True
27353652,44025.00000000,0.23352000,10280.71800000,1704501929229,True
27353653,44025.00000000,0.00003000,1.32075000,1704501931230,True
27353654,44025.00000000,0.00003000,1.32075000,1704501943230,True
27353655,44023.97000000,0.00038000,16.72910860,1704501944230,True
27353656,44022.83000000,0.00004000,1.76091320,1704501945231,True
27353657,44020.40000000,0.02047000,901.09758800,1704501946231,True
27353658,44020.00000000,0.00033000,14.52660000,1704501947207,True
27353659,44019.76000000,0.00004000,1.76079040,1704501948217,True
27353660,44019.34000000,0.00600000,264.11604000,1704501948232,True
27353661,44018.00000000,0.00681000,299.76258000,1704501949231,True
27353662,44017.07000000,0.00306000,134.69223420,1704501950231,True
27353663,44016.67000000,0.00008000,3.52133360,1704501950907,True
27353664,44016.67000000,0.00020000,8.80333400,1704501952231,True
27353665,44037.99000000,0.00008000,3.52303920,1704501961574,False
27353666,44016.67000000,0.00068000,29.93133560,1704502016237,True
27353667,44015.61000000,0.00060000,26.40936600,1704502016883,True
27353668,44014.08000000,0.00400000,176.05632000,1704502017236,True
27353669,44013.94000000,0.00101000,44.45407940,1704502017537,True
27353670,44013.94000000,0.00040000,17.60557600,1704502017537,True
27353671,44013.94000000,0.00274000,120.59819560,1704502017537,True
27353672,44013.94000000,0.00222000,97.71094680,1704502017537,True
27353673,44013.94000000,0.00541000,238.11541540,1704502017537,True
27353674,44012.41000000,0.00038000,16.72471580,1704502018236,True
27353675,44043.55000000,0.00072000,31.71135600,1704502018275,False
27353676,44012.02000000,0.00014000,6.16168280,1704502019239,True
27353677,44011.79000000,0.00089000,39.17049310,1704502020236,True
27353678,44011.79000000,0.00754000,331.84889660,1704502020236,True
27353679,44011.79000000,0.00104000,45.77226160,1704502020236,True
27353680,44011.79000000,0.00168000,73.93980720,1704502020236,True
27353681,44011.79000000,0.00110000,48.41296900,1704502020236,True
27353682,44011.79000000,0.00066000,29.04778140,1704502020236,True
27353683,44011.79000000,0.00118000,51.93391220,1704502020236,True
27353684,44011.79000000,0.00022000,9.68259380,1704502020236,True
27353685,44011.79000000,0.00079000,34.76931410,1704502020236,True
27353686,44011.79000000,0.00994000,437.47719260,1704502020236,True
27353687,44011.76000000,0.00071000,31.24834960,1704502021109,True
27353688,44011.76000000,0.00337000,148.31963120,1704502021109,True
27353689,44011.76000000,0.00074000,32.56870240,1704502021109,True
27353690,44011.13000000,0.00029000,12.76322770,1704502022022,True
27353691,44011.13000000,0.00002000,0.88022260,1704502022236,True
27353692,44043.37000000,0.00037000,16.29604690,1704502022411,False
27353693,44010.89000000,0.00228000,100.34482920,1704502022897,True
27353694,44010.88000000,0.00137000,60.29490560,1704502023237,True
27353695,44010.87000000,0.00228000,100.34478360,1704502024237,True
27353696,44010.86000000,0.00114000,50.17238040,1704502025237,True
27353697,44010.86000000,0.00228000,100.34476080,1704502025237,True
27353698,44010.86000000,0.00114000,50.17238040,1704502025237,True
27353699,44010.86000000,0.00114000,50.17238040,1704502025237,True
27353700,44010.80000000,0.00047000,20.68507600,1704502026237,True
27353701,44008.34000000,0.00600000,264.05004000,1704502026438,True
27353702,44008.16000000,0.00036000,15.84293760,1704502027237,True
27353703,44007.35000000,0.00205000,90.21506750,1704502028590,True
27353704,44006.66000000,0.00010000,4.40066600,1704502029237,True
27353705,44005.27000000,0.00031000,13.64163370,1704502029599,True
27353706,44003.77000000,0.00024000,10.56090480,1704502030238,True
27353707,44003.08000000,0.00400000,176.01232000,1704502030606,True
27353708,44002.58000000,0.00004000,1.76010320,1704502031613,True
27353709,44002.54000000,0.00244000,107.36619760,1704502032238,True
27353710,44002.54000000,0.00023000,10.12058420,1704502032238,True
27353711,44002.54000000,0.00134000,58.96340360,1704502032238,True
27353712,44000.00000000,0.00078000,34.32000000,1704502033183,True
27353713,44014.85000000,0.00160000,70.42376000,1704502033621,False
27353714,44000.00000000,0.00622000,273.68000000,1704502034237,True
27353715,44000.00000000,0.13739000,6045.16000000,1704502034237,True
27353716,44051.94000000,0.00035000,15.41817900,1704502164070,False
27353717,44051.94000000,0.00003000,1.32155820,1704502169488,False
27353718,44051.94000000,0.00003000,1.32155820,1704502173070,False
27353719,44051.94000000,0.00031000,13.65610140,1704502174527,False
27353720,44051.94000000,0.00031000,13.65610140,1704502174527,False
27353721,44051.94000000,0.00035000,15.41817900,1704502174621,False
27353722,44051.94000000,0.00069000,30.39583860,1704502174771,False
27353723,44051.94000000,0.00035000,15.41817900,1704502175058,False
27353724,44051.94000000,0.00003000,1.32155820,1704502176614,False
27353725,44051.94000000,0.00003000,1.32155820,1704502180758,False
27353726,44029.94000000,0.00012000,5.28359280,1704502194232,False
27353727,44051.84000000,0.00035000,15.41814400,1704502205758,False
27353728,44051.84000000,0.00072000,31.71732480,1704502206748,False
27353729,44051.84000000,0.00047000,20.70436480,1704502208095,False
27353730,44017.80000000,0.00396000,174.31048800,1704502213214,True
27353731,44052.40000000,0.00800000,352.41920000,1704502216154,False
27353732,44052.41000000,0.00200000,88.10482000,1704502216154,False
27353733,44052.41000000,0.00913000,402.19850330,1704502217356,False
27353734,44052.41000000,0.03457000,1522.89181370,1704502219068,False
27353735,44052.41000000,0.01748000,770.03612680,1704502220089,False
27353736,44052.41000000,0.02019000,889.41815790,1704502220192,False
27353737,44052.41000000,0.01197000,527.30734770,1704502222220,False
27353738,44052.41000000,0.08887000,3914.93767670,1704502225520,False
27353739,44053.22000000,0.00072000,31.71831840,1704502226617,False
27353740,44051.84000000,0.00943000,415.40885120,1704502231460,True
27353741,44053.86000000,0.00036000,15.85938960,1704502263938,False
27353742,44054.65000000,0.00076000,33.48153400,1704502263938,False
27353743,44054.65000000,0.00003000,1.32163950,1704502269662,False
27353744,44054.65000000,0.00003000,1.32163950,1704502273289,False
27353745,44054.65000000,0.00003000,1.32163950,1704502276861,False
27353746,44054.65000000,0.00003000,1.32163950,1704502280879,False
27353747,44043.65000000,0.00012000,5.28523800,1704502290378,False
27353748,44054.65000000,0.00117000,51.54394050,1704502290378,False
27353749,44036.33000000,0.00012000,5.28435960,1704502299776,True
27353750,44062.50000000,0.00028000,12.33750000,1704502300684,False
27353751,44065.44000000,0.00044000,19.38879360,1704502300684,False
27353752,44065.44000000,0.00003000,1.32196320,1704502331721,False
27353753,44065.44000000,0.00003000,1.32196320,1704502335259,False
27353754,44065.44000000,0.00003000,1.32196320,1704502338852,False
27353755,44065.44000000,0.00003000,1.32196320,1704502342492,False
27353756,44054.44000000,0.00012000,5.28653280,1704502352601,False
27353757,44065.44000000,0.00250000,110.16360000,1704502363291,False
27353758,44080.46000000,0.00003000,1.32241380,1704502393827,False
27353759,44080.46000000,0.00009000,3.96724140,1704502393827,False
27353760,44080.46000000,0.00003000,1.32241380,1704502412482,True
27353761,44058.46000000,0.00003000,1.32175380,1704502433454,False
27353762,44075.00000000,0.00681000,300.15075000,1704502519776,False
27353763,44085.43000000,0.00049000,21.60186070,1704502521182,False
27353764,44085.74000000,0.00072000,31.74173280,1704502521182,False
27353765,44089.86000000,0.00072000,31.74469920,1704502529021,False
27353766,44060.68000000,0.00014000,6.16849520,1704502532568,True
27353767,44060.72000000,0.00036000,15.86185920,1704502533416,True
27353768,44097.45000000,0.00086000,37.92380700,1704502550704,False
27353769,44097.69000000,0.00072000,31.75033680,1704502550704,False
27353770,44099.60000000,0.00036000,15.87585600,1704502550704,False
27353771,44102.01000000,0.00205000,90.40912050,1704502552296,False
27353772,44108.33000000,0.00012000,5.29299960,1704502552442,False
27353773,44108.33000000,0.00016000,7.05733280,1704502554411,False
27353774,44113.33000000,0.00010000,4.41133300,1704502560815,False
27353775,44113.85000000,0.00003000,1.32341550,1704502560815,False
27353776,44113.86000000,0.00306000,134.98841160,1704502560815,False
27353777,44115.00000000,0.00680000,299.98200000,1704502560815,False
27353778,44097.95000000,0.00031000,13.67036450,1704502564211,True
27353779,44104.50000000,0.02440000,1076.14980000,1704502598275,True
27353780,44098.40000000,0.00109000,48.06725600,1704502747171,False
27353781,44098.17000000,0.00428000,188.74016760,1704502788326,False
27353782,44097.75000000,0.00045000,19.84398750,1704502804474,False
27353783,44097.72000000,0.00040000,17.63908800,1704502806414,False
27353784,44097.71000000,0.00004000,1.76390840,1704502807072,False
27353785,44097.69000000,0.00053000,23.37177570,1704502808721,False
27353786,44097.64000000,0.00055000,24.25370200,1704502811325,False
27353787,44065.93000000,0.00026000,11.45714180,1704502841539,True
27353788,44065.97000000,0.00068000,29.96485960,1704502843279,True
27353789,44097.77000000,0.00003000,1.32293310,1704502857521,False
27353790,44098.17000000,0.00109000,48.06700530,1704502857521,False
27353791,44098.17000000,0.00153000,67.47020010,1704502872498,False
27353792,44098.21000000,0.00003000,1.32294630,1704502872498,False
27353793,44098.40000000,0.00023000,10.14263200,1704502872498,False
27353794,44099.10000000,0.00048000,21.16756800,1704502872498,False
27353795,44099.08000000,0.00068000,29.98737440,1704502874030,False
27353796,44099.07000000,0.02720000,1199.49470400,1704502875633,False
27353797,44065.97000000,0.00680000,299.64859600,1704502892637,True
27353798,44065.44000000,0.00306000,134.84024640,1704502892974,True
27353799,44062.50000000,0.00028000,12.33750000,1704502892974,True
27353800,44054.65000000,0.00205000,90.31203250,1704502892974,True
27353801,44053.88000000,0.00404000,177.97767520,1704502892974,True
27353802,44053.86000000,0.00036000,15.85938960,1704502915168,True
27353803,44034.48000000,0.00003000,1.32103440,1704502935416,True
27353804,44034.48000000,0.02135000,940.13614800,1704502937521,True
27353805,44034.48000000,0.00068000,29.94344640,1704502937723,True
27353806,44034.48000000,0.00517000,227.65826160,1704502940404,True
27353807,44030.15000000,0.00049000,21.57477350,1704502941131,True
27353808,44036.65000000,0.00036000,15.85319400,1704502942200,False
27353809,44036.64000000,0.00014000,6.16512960,1704502944230,False
27353810,44027.43000000,0.00034000,14.96932620,1704502949301,True
27353811,44019.62000000,0.00004000,1.76078480,1704502951644,True
27353812,44019.62000000,0.00008000,3.52156960,1704502951644,True
27353813,44027.43000000,0.00202000,88.93540860,1704502976169,False
27353814,44036.67000000,0.00800000,352.29336000,1704502977272,False
27353815,44036.68000000,0.00200000,88.07336000,1704502977272,False
27353816,44036.68000000,0.01452000,639.41259360,1704503029343,False
27353817,44036.68000000,0.01068000,470.31174240,1704503031842,False
27353818,44065.95000000,0.02000000,881.31900000,1704503031945,False
27353819,44065.95000000,0.00800000,352.52760000,1704503043211,False
27353820,44065.96000000,0.00200000,88.13192000,1704503043211,False
27353821,44065.97000000,0.00072000,31.72749840,1704503043734,False
27353822,44065.97000000,0.00378000,166.56936660,1704503044654,False
27353823,44070.95000000,0.02000000,881.41900000,1704503046350,False
27353824,44055.08000000,0.00800000,352.44064000,1704503067400,True
27353825,44055.07000000,0.04000000,1762.20280000,1704503067400,True
27353826,44055.06000000,0.04965000,2187.33372900,1704503067400,True
27353827,44080.46000000,0.00003000,1.32241380,1704503121510,False
27353828,44085.43000000,0.00049000,21.60186070,1704503127069,False
27353829,44055.06000000,0.00031000,13.65706860,1704503179534,True
27353830,44055.06000000,0.00036000,15.85982160,1704503179917,True
27353831,44083.59000000,0.00005000,2.20417950,1704503200493,False
27353832,44055.06000000,0.00195000,85.90736700,1704503208521,True
27353833,44075.15000000,0.00036000,15.86705400,1704503246474,False
27353834,44075.08000000,0.00068000,29.97105440,1704503248389,False
27353835,44034.48000000,0.00003000,1.32103440,1704503272317,True
27353836,44030.15000000,0.00012000,5.28361800,1704503272317,True
27353837,44030.15000000,0.00037000,16.29115550,1704503274165,True
27353838,44023.46000000,0.02441000,1074.61265860,1704503287533,False
27353839,44029.70000000,0.00031000,13.64920700,1704503287533,False
27353840,44064.15000000,0.00011000,4.84705650,1704503290019,False
27353841,44018.06000000,0.00010000,4.40180600,1704503318842,True
27353842,44018.05000000,0.00003000,1.32054150,1704503319053,True
27353843,44017.07000000,0.00306000,134.69223420,1704503319053,True
27353844,44016.67000000,0.00017000,7.48283390,1704503319258,True
27353845,44049.83000000,0.00227000,99.99311410,1704503319323,False
27353846,44016.67000000,0.00011000,4.84183370,1704503319325,True
27353847,44049.83000000,0.00072000,31.71587760,1704503319646,False
27353848,44008.16000000,0.00036000,15.84293760,1704503329873,True
27353849,44007.35000000,0.00205000,90.21506750,1704503329873,True
27353850,44006.66000000,0.00010000,4.40066600,1704503329873,True
27353851,44001.61000000,0.00800000,352.01288000,1704503329873,True
27353852,44001.60000000,0.00231000,101.64369600,1704503329873,True
27353853,44049.57000000,0.00036000,15.85784520,1704503330068,False
27353854,44048.95000000,0.00013000,5.72636350,1704503336355,False
27353855,44001.64000000,0.00006000,2.64009840,1704503342329,True
27353856,44000.01000000,0.00450000,198.00004500,1704503342365,True
27353857,44000.00000000,0.00550000,242.00000000,1704503342365,True
27353858,44000.00000000,0.02488000,1094.72000000,1704503343476,True
27353859,44000.00000000,0.20814000,9158.16000000,1704503344327,True
27353860,44000.00000000,0.02488000,1094.72000000,1704503344478,True
27353861,44000.00000000,0.01620000,712.80000000,1704503345005,True
27353862,44001.47000000,0.06058000,2665.60905260,1704503403262,True
27353863,44008.72000000,0.11287000,4967.26422640,1704503415588,True
27353864,44008.88000000,0.00681000,299.70047280,1704503424415,True
27353865,44008.87000000,0.14019000,6169.60348530,1704503424415,True
27353866,44050.54000000,0.00023000,10.13162420,1704503440020,False
27353867,44050.52000000,0.00068000,29.95435360,1704503441096,False
27353868,44009.06000000,0.00045000,19.80407700,1704503443179,True
27353869,44012.74000000,0.00163000,71.74076620,1704503461402,True
27353870,44049.82000000,0.00072000,31.71587040,1704503462830,False
27353871,44012.83000000,0.00018000,7.92230940,1704503466175,True
27353872,44012.84000000,0.00181000,79.66324040,1704503468165,True
27353873,44049.54000000,0.00215000,94.70651100,1704503477075,False
27353874,44049.54000000,0.00681000,299.97736740,1704503477075,False
27353875,44050.00000000,0.01075000,473.53750000,1704503477735,False
27353876,44050.00000000,0.00145000,63.87250000,1704503479355,False
27353877,44053.86000000,0.00036000,15.85938960,1704503502801,False
27353878,44054.65000000,0.00205000,90.31203250,1704503502801,False
27353879,44057.48000000,0.00072000,31.72138560,1704503521060,False
27353880,44028.63000000,0.00068000,29.93946840,1704503523804,True
27353881,44028.65000000,0.00168000,73.96813200,1704503526160,True
27353882,44023.90000000,0.00100000,44.02390000,1704503551213,True
27353883,44023.90000000,0.00680000,299.36252000,1704503551213,True
27353884,44023.89000000,0.10592000,4663.01042880,1704503551213,True
27353885,44061.93000000,0.00680000,299.62112400,1704503563926,False
27353886,44062.50000000,0.00028000,12.33750000,1704503563926,False
27353887,44025.10000000,0.00005000,2.20125500,1704503568481,True
27353888,44065.30000000,0.00072000,31.72701600,1704503574984,False
27353889,44065.44000000,0.00154000,67.86077760,1704503574984,False
27353890,44065.44000000,0.00152000,66.97946880,1704503576225,False
27353891,44080.30000000,0.00551000,242.88245300,1704503584226,False
27353892,44036.97000000,0.00014000,6.16517580,1704503586465,True
27353893,44080.19000000,0.00003000,1.32240570,1704503586625,False
27353894,44056.19000000,0.00003000,1.32168570,1704503602575,False
27353895,44048.20000000,0.00035000,15.41687000,1704503606245,True
27353896,44048.20000000,0.00099000,43.60771800,1704503606256,True
27353897,44048.00000000,0.01384000,609.62432000,1704503652101,True
27353898,44048.00000000,0.36066000,15886.35168000,1704503652346,True
27353899,44048.00000000,0.01384000,609.62432000,1704503653120,True
27353900,44048.00000000,0.01236000,544.43328000,1704503653320,True
27353901,44048.00000000,0.02067000,910.47216000,1704503686659,True
27353902,44048.22000000,0.00055000,24.22652100,1704503727628,True
27353903,44048.22000000,0.00065000,28.63134300,1704503727628,True
27353904,44048.22000000,0.00046000,20.26218120,1704503727628,True
27353905,44048.00000000,0.00834000,367.36032000,1704503727628,True
27353906,44048.06000000,0.00003000,1.32144180,1704503754588,True
27353907,44048.00000000,0.01997000,879.63856000,1704503822289,True
27353908,44076.81000000,0.00014000,6.17075340,1704503824408,False
27353909,44076.81000000,0.00068000,29.97223080,1704503825689,False
27353910,44076.72000000,0.00003000,1.32230160,1704503830511,False
27353911,44048.00000000,0.05121000,2255.69808000,1704503832502,True
27353912,44048.00000000,0.00003000,1.32144000,1704503834541,True
27353913,44048.00000000,0.00003000,1.32144000,1704503838069,True
27353914,44048.00000000,0.00003000,1.32144000,1704503841918,True
27353915,44025.00000000,0.00200000,88.05000000,1704503842334,True
27353916,44025.00000000,0.00113000,49.74825000,1704503842334,True
27353917,44025.00000000,0.00112000,49.30800000,1704503842334,True
27353918,44025.00000000,0.00109000,47.98725000,1704503842358,True
27353919,44017.07000000,0.00306000,134.69223420,1704503842358,True
27353920,44016.67000000,0.00005000,2.20083350,1704503842358,True
27353921,44016.67000000,0.00023000,10.12383410,1704503842362,True
27353922,44010.00000000,0.00401000,176.48010000,1704503842362,True
27353923,44025.00000000,0.00023000,10.12575000,1704503843500,True
27353924,44010.00000000,0.00022000,9.68220000,1704503843510,True
27353925,44010.00000000,0.00798000,351.19980000,1704503844147,True
27353926,44008.16000000,0.00036000,15.84293760,1704503845466,True
27353927,44007.35000000,0.00205000,90.21506750,1704503846790,True
27353928,44000.00000000,0.15332000,6746.08000000,1704503848521,True
27353929,44007.35000000,0.00010000,4.40073500,1704503848904,False
27353930,43997.34000000,0.00600000,263.98404000,1704503859329,True
27353931,43997.34000000,0.00004000,1.75989360,1704503859329,True
27353932,43994.61000000,0.00078000,34.31579580,1704503859792,True
27353933,43994.62000000,0.01236000,543.77350320,1704503866568,True
27353934,43994.61000000,0.00001000,0.43994610,1704503867483,True
27353935,43994.61000000,0.00677000,297.84350970,1704503867483,True
27353936,43994.61000000,0.00821000,361.19574810,1704503867706,True
27353937,43994.61000000,0.01882000,827.97856020,1704503867926,True
27353938,43992.93000000,0.00680000,299.15192400,1704503868161,True
27353939,43992.94000000,0.01022000,449.60784680,1704503868385,True
27353940,43994.61000000,0.00079000,34.75574190,1704503873035,False
27353941,44024.55000000,0.00010000,4.40245500,1704503880126,False
27353942,44024.55000000,0.00058000,25.53423900,1704503891461,False
27353943,44051.32000000,0.00175000,77.08981000,1704503891461,False
27353944,44051.30000000,0.00003000,1.32153900,1704503892520,False
27353945,44018.00000000,0.00014000,6.16252000,1704503893335,True
27353946,44051.28000000,0.00072000,31.71692160,1704503893715,False
27353947,44051.24000000,0.00003000,1.32153720,1704503896068,False
27353948,44051.16000000,0.00014000,6.16716240,1704503899532,False
27353949,44051.16000000,0.00003000,1.32153480,1704503899886,False
27353950,44051.07000000,0.00003000,1.32153210,1704503903631,False
27353951,44051.04000000,0.00680000,299.54707200,1704503905848,False
27353952,44018.00000000,0.00014000,6.16252000,1704503923501,True
27353953,44018.03000000,0.00013000,5.72234390,1704503936517,True
27353954,44018.00000000,0.00653000,287.43754000,1704503936517,True
27353955,44006.06000000,0.00200000,88.01212000,1704503936517,True
27353956,44006.05000000,0.00776000,341.48694800,1704503936517,True
27353957,44053.82000000,0.00023000,10.13237860,1704503950910,False
27353958,44050.05000000,0.00068000,29.95403400,1704503952387,False
27353959,44050.05000000,0.00341000,150.21067050,1704503952607,False
27353960,44050.00000000,0.00003000,1.32150000,1704503954472,False
27353961,44049.91000000,0.00003000,1.32149730,1704503958423,False
27353962,44049.76000000,0.00003000,1.32149280,1704503962408,False
27353963,44033.38000000,0.00003000,1.32100140,1704503966150,False
27353964,44009.38000000,0.00010000,4.40093800,1704503980992,False
27353965,44009.38000000,0.00002000,0.88018760,1704503981866,False
27353966,44010.50000000,0.00070000,30.80735000,1704503981866,False
27353967,44010.50000000,0.00021000,9.24220500,1704503981999,False
27353968,44010.50000000,0.00003000,1.32031500,1704504022294,True
27353969,43996.04000000,0.00024000,10.55904960,1704504022972,True
27353970,43996.04000000,0.00044000,19.35825760,1704504022972,True
27353971,43996.04000000,0.00637000,280.25477480,1704504023678,True
27353972,43996.03000000,0.00400000,175.98412000,1704504023678,True
27353973,43996.02000000,0.04000000,1759.84080000,1704504023678,True
27353974,43992.81000000,0.00059000,25.95575790,1704504023678,True
27353975,43992.08000000,0.00400000,175.96832000,1704504023678,True
27353976,43991.99000000,0.00291000,128.01669090,1704504023678,True
27353977,43991.92000000,0.00045000,19.79636400,1704504023678,True
27353978,43991.01000000,0.00079000,34.75289790,1704504023678,True
27353979,43990.99000000,0.00079000,34.75288210,1704504023678,True
27353980,43988.52000000,0.23292000,10245.80607840,1704504023678,True
27353981,43996.17000000,0.00003000,1.31988510,1704504033203,True
27353982,43998.00000000,0.03268000,1437.85464000,1704504045130,True
27353983,43988.51000000,0.00003000,1.31965530,1704504061716,True
27353984,43988.44000000,0.00021000,9.23757240,1704504062376,True
27353985,43987.47000000,0.00113000,49.70584110,1704504062797,True
27353986,43986.51000000,0.00007000,3.07905570,1704504063438,True
27353987,43986.34000000,0.00600000,263.91804000,1704504063818,True
27353988,43985.50000000,0.00400000,175.94200000,1704504063818,True
27353989,43985.50000000,0.00885000,389.27167500,1704504064113,True
27353990,43984.55000000,0.00205000,90.16832750,1704504064376,True
27353991,43983.68000000,0.00012000,5.27804160,1704504065053,True
27353992,43983.03000000,0.00136000,59.81692080,1704504065053,True
27353993,43983.03000000,0.00136000,59.81692080,1704504065053,True
27353994,43981.75000000,0.00113000,49.69937750,1704504065376,True
27353995,43981.08000000,0.00400000,175.92432000,1704504065442,True
27353996,43980.10000000,0.00003000,1.31940300,1704504066076,True
27353997,43976.07000000,0.00024000,10.55425680,1704504066377,True
27353998,43974.87000000,0.00049000,21.54768630,1704504067377,True
27353999,43975.34000000,0.00400000,175.90136000,1704504072363,True
27354000,43970.83000000,0.00028000,12.31183240,1704504073589,True
27354001,43970.60000000,0.00030000,13.19118000,1704504073829,True
27354002,43970.08000000,0.00400000,175.88032000,1704504073829,True
27354003,43968.75000000,0.00306000,134.54437500,1704504074377,True
27354004,43968.51000000,0.00018000,7.91433180,1704504074612,True
27354005,43964.00000000,0.00011000,4.83604000,1704504074612,True
27354006,43964.35000000,0.00400000,175.85740000,1704504075327,True
27354007,43964.00000000,0.00600000,263.78400000,1704504075327,True
27354008,43968.75000000,0.00006000,2.63812500,1704504076375,True
27354009,43964.00000000,0.00071000,31.21444000,1704504076392,True
27354010,43962.93000000,0.00031000,13.62850830,1704504076392,True
27354011,43962.51000000,0.00036000,15.82650360,1704504077377,True
27354012,43960.10000000,0.00206000,90.55780600,1704504078109,True
27354013,43959.09000000,0.00400000,175.83636000,1704504079125,True
27354014,43958.85000000,0.00069000,30.33160650,1704504079125,True
27354015,43958.52000000,0.00008000,3.51668160,1704504079519,True
27354016,43957.99000000,0.00022000,9.67075780,1704504079519,True
27354017,43948.58000000,0.00151000,66.36235580,1704504079519,True
27354018,43948.58000000,0.00418000,183.70506440,1704504081259,True
27354019,43947.53000000,0.00034000,14.94216020,1704504081259,True
27354020,43946.73000000,0.00004000,1.75786920,1704504081259,True
27354021,43942.53000000,0.00003000,1.31827590,1704504081259,True
27354022,43940.86000000,0.00019000,8.34876340,1704504081259,True
27354023,43940.32000000,0.00020000,8.78806400,1704504081259,True
27354024,43939.92000000,0.00456000,200.36603520,1704504081259,True
27354025,43939.54000000,0.00546000,239.90988840,1704504081259,True
27354026,43953.36000000,0.00400000,175.81344000,1704504081911,True
27354027,43970.83000000,0.02720000,1196.00657600,1704504082067,True
27354028,43978.16000000,0.00005000,2.19890800,1704504082185,False
27354029,43939.54000000,0.00022000,9.66669880,1704504082517,True
27354030,43972.94000000,0.00006000,2.63837640,1704504084922,False
27354031,43939.54000000,0.00060000,26.36372400,1704504085044,True
27354032,43972.91000000,0.00011000,4.83702010,1704504085770,False
27354033,43948.10000000,0.00162000,71.19592200,1704504086110,True
27354034,43948.10000000,0.00034000,14.94235400,1704504086286,True
27354035,43972.90000000,0.00342000,150.38731800,1704504086314,False
27354036,43948.10000000,0.00073000,32.08211300,1704504086374,True
27354037,43948.10000000,0.00089000,39.11380900,1704504086390,True
27354038,43948.10000000,0.00042000,18.45820200,1704504086403,True
27354039,43939.56000000,0.00018000,7.90912080,1704504086403,True
27354040,43942.37000000,0.00174000,76.45972380,1704504090638,True
27354041,43942.37000000,0.00226000,99.30975620,1704504094750,True
27354042,43942.37000000,0.00008000,3.51538960,1704504094750,True
27354043,43939.54000000,0.00228000,100.18215120,1704504095092,True
27354044,43939.54000000,0.01420000,623.94146800,1704504095374,True
27354045,43939.54000000,0.00003000,1.31818620,1704504096377,True
27354046,43939.54000000,0.00003000,1.31818620,1704504103461,False
27354047,43972.43000000,0.00063000,27.70263090,1704504103461,False
27354048,43972.37000000,0.00003000,1.31917110,1704504105072,False
27354049,43972.32000000,0.00342000,150.38533440,1704504106475,False
27354050,43972.32000000,0.00342000,150.38533440,1704504106552,False
27354051,43972.01000000,0.00019000,8.35468190,1704504120123,False
27354052,43971.94000000,0.00342000,150.38403480,1704504123043,False
27354053,43971.91000000,0.00342000,150.38393220,1704504123819,False
27354054,43946.51000000,0.00031000,13.62341810,1704504125380,True
27354055,43938.95000000,0.00004000,1.75755800,1704504129267,True
27354056,43938.05000000,0.00020000,8.78761000,1704504130290,True
27354057,43937.82000000,0.00432000,189.81138240,1704504130290,True
27354058,43937.11000000,0.00013000,5.71182430,1704504131814,True
27354059,43937.11000000,0.00387000,170.03661570,1704504132084,True
27354060,43934.54000000,0.00022000,9.66559880,1704504141243,True
27354061,43931.38000000,0.00400000,175.72552000,1704504141243,True
27354062,43927.79000000,0.00014000,6.14989060,1704504141243,True
27354063,43926.13000000,0.00400000,175.70452000,1704504141243,True
27354064,43925.00000000,0.00028000,12.29900000,1704504141243,True
27354065,43924.23000000,0.00061000,26.79378030,1704504141243,True
27354066,43922.88000000,0.00045000,19.76529600,1704504141243,True
27354067,43921.00000000,0.00031000,13.61551000,1704504141243,True
27354068,43920.86000000,0.00036000,15.81150960,1704504141243,True
27354069,43920.50000000,0.00800000,351.36400000,1704504141243,True
27354070,43920.49000000,0.00307000,134.83590430,1704504141243,True
27354071,43919.61000000,0.47856000,21018.16856160,1704504141243,True
27354072,43920.40000000,0.00400000,175.68160000,1704504148384,True
27354073,43955.45000000,0.00008000,3.51643600,1704504157101,False
27354074,43955.44000000,0.00064000,28.13148160,1704504157806,False
27354075,43955.40000000,0.00003000,1.31866200,1704504158869,False
27354076,43955.28000000,0.00050000,21.97764000,1704504167598,False
27354077,43931.40000000,0.00003000,1.31794200,1704504175039,False
27354078,43923.37000000,0.00020000,8.78467400,1704504175205,True
27354079,43947.39000000,0.00020000,8.78947800,1704504178047,False
27354080,43947.39000000,0.00009000,3.95526510,1704504180094,False
27354081,43968.14000000,0.00682000,299.86271480,1704504200871,False
27354082,43968.43000000,0.00233000,102.44644190,1704504200871,False
27354083,43968.75000000,0.00307000,134.98406250,1704504202027,False
27354084,43970.83000000,0.00028000,12.31183240,1704504203213,False
27354085,43973.02000000,0.00800000,351.78416000,1704504204764,False
27354086,43973.03000000,0.00166000,72.99522980,1704504204764,False
27354087,43973.02000000,0.00800000,351.78416000,1704504207157,False
27354088,43973.03000000,0.00199000,87.50632970,1704504207157,False
27354089,43973.02000000,0.00800000,351.78416000,1704504208370,False
27354090,43973.03000000,0.02355000,1035.56485650,1704504208385,False
27354091,43980.30000000,0.00072000,31.66581600,1704504209596,False
27354092,43988.51000000,0.00003000,1.31965530,1704504210615,False
27354093,43991.92000000,0.00045000,19.79636400,1704504211460,False
27354094,43999.20000000,0.00050000,21.99960000,1704504211460,False
27354095,43999.20000000,0.00246000,108.23803200,1704504211460,False
27354096,43963.51000000,0.00010000,4.39635100,1704504216062,True
27354097,43983.03000000,0.00136000,59.81692080,1704504253928,False
27354098,44000.00000000,0.00486000,213.84000000,1704504258158,False
27354099,44004.29000000,0.00072000,31.68308880,1704504259200,False
27354100,44007.30000000,0.00269000,118.37963700,1704504259200,False
27354101,44007.31000000,0.01000000,440.07310000,1704504259216,False
27354102,44007.35000000,0.00072000,31.68529200,1704504259707,False
27354103,44007.35000000,0.00003000,1.32022050,1704504261768,False
27354104,44007.35000000,0.00003000,1.32022050,1704504265364,False
27354105,44007.35000000,0.00003000,1.32022050,1704504269075,False
27354106,44007.35000000,0.00003000,1.32022050,1704504272751,False
27354107,44007.35000000,0.00122000,53.68896700,1704504274721,False
27354108,44008.16000000,0.00036000,15.84293760,1704504274721,False
27354109,44016.40000000,0.00063000,27.73033200,1704504274721,False
27354110,44016.67000000,0.00028000,12.32466760,1704504274721,False
27354111,44017.07000000,0.00306000,134.69223420,1704504274721,False
27354112,44030.15000000,0.00049000,21.57477350,1704504274721,False
27354113,44034.48000000,0.00003000,1.32103440,1704504274721,False
27354114,44038.54000000,0.00800000,352.30832000,1704504274721,False
27354115,44038.55000000,0.00135000,59.45204250,1704504274721,False
27354116,44038.53000000,0.00341000,150.17138730,1704504275148,False
27354117,43993.60000000,0.00012000,5.27923200,1704504292780,True
27354118,43993.60000000,0.00014000,6.15910400,1704504294791,True
27354119,43993.69000000,0.00010000,4.39936900,1704504300100,True
27354120,43993.70000000,0.00021000,9.23867700,1704504300334,True
27354121,43993.69000000,0.00026000,11.43835940,1704504300334,True
27354122,44030.21000000,0.00035000,15.41057350,1704504302480,False
27354123,43993.69000000,0.00230000,101.18548700,1704504307239,True
27354124,43993.69000000,0.00154000,67.75028260,1704504307239,True
27354125,43993.69000000,0.00158000,69.51003020,1704504307239,True
27354126,43993.69000000,0.00681000,299.59702890,1704504307239,True
27354127,43993.69000000,0.00142000,62.47103980,1704504307239,True
27354128,43988.54000000,0.00349000,153.52000460,1704504307239,True
27354129,43993.80000000,0.00003000,1.31981400,1704504314905,True
27354130,43997.80000000,0.00291000,128.03359800,1704504324835,True
27354131,43990.03000000,0.00681000,299.57210430,1704504380205,True
27354132,43990.03000000,0.00061000,26.83391830,1704504380205,True
27354133,43990.03000000,0.00019000,8.35810570,1704504380205,True
27354134,43990.03000000,0.00005000,2.19950150,1704504380205,True
27354135,43990.03000000,0.00012000,5.27880360,1704504380205,True
27354136,43989.39000000,0.00800000,351.91512000,1704504380205,True
27354137,43989.38000000,0.00517000,227.42509460,1704504380205,True
27354138,44025.54000000,0.00341000,150.12709140,1704504382879,False
27354139,43988.51000000,0.00003000,1.31965530,1704504423648,True
27354140,43974.87000000,0.00046000,20.22844020,1704504423901,True
27354141,44017.96000000,0.00341000,150.10124360,1704504425806,False
27354142,43974.88000000,0.00066000,29.02342080,1704504452167,True
27354143,43983.02000000,0.00342000,150.42192840,1704504453809,False
27354144,43983.02000000,0.00340000,149.54226800,1704504454042,False
27354145,43983.03000000,0.00136000,59.81692080,1704504454042,False
27354146,44013.16000000,0.00072000,31.68947520,1704504454786,False
27354147,43977.19000000,0.00004000,1.75908760,1704504467989,True
27354148,43977.22000000,0.00003000,1.31931660,1704504471988,True
27354149,43989.74000000,0.00060000,26.39384400,1704504502592,True
27354150,43975.07000000,0.00067000,29.46329690,1704504551794,True
27354151,44024.47000000,0.00341000,150.12344270,1704504553971,False
27354152,44020.47000000,0.00003000,1.32061410,1704504557262,False
27354153,44020.34000000,0.00003000,1.32061020,1704504560871,False
27354154,44020.23000000,0.00003000,1.32060690,1704504564648,False
27354155,44020.12000000,0.00003000,1.32060360,1704504568451,False
27354156,44004.12000000,0.00012000,5.28049440,1704504579737,False
27354157,43991.47000000,0.00800000,351.93176000,1704504652460,True
27354158,43991.47000000,0.01310000,576.28825700,1704504652460,True
27354159,44020.53000000,0.00072000,31.69478160,1704504718807,False
27354160,44024.72000000,0.00030000,13.20741600,1704504720037,False
27354161,44026.83000000,0.00030000,13.20804900,1704504721630,False
27354162,44027.27000000,0.00003000,1.32081810,1704504721630,False
27354163,44024.72000000,0.00031000,13.64766320,1704504723849,True
27354164,44024.72000000,0.00031000,13.64766320,1704504723974,True
27354165,44024.72000000,0.00006000,2.64148320,1704504724099,True
27354166,44024.72000000,0.00019000,8.36469680,1704504724099,True
27354167,44024.72000000,0.00006000,2.64148320,1704504724099,True
27354168,44027.80000000,0.00291000,128.12089800,1704504724421,False
27354169,44024.73000000,0.00280000,123.26924400,1704504738427,True
27354170,44024.72000000,0.00004000,1.76098880,1704504738427,True
27354171,44024.72000000,0.00185000,81.44573200,1704504738427,True
27354172,44024.73000000,0.00004000,1.76098920,1704504739421,True
27354173,44024.73000000,0.00003000,1.32074190,1704504749538,True
27354174,44024.73000000,0.00005000,2.20123650,1704504749538,True
27354175,44024.73000000,0.00004000,1.76098920,1704504749538,True
27354176,44024.73000000,0.00009000,3.96222570,1704504750430,True
27354177,44024.73000000,0.00003000,1.32074190,1704504752948,True
27354178,44008.73000000,0.00006000,2.64052380,1704504766181,False
27354179,44016.65000000,0.00062000,27.29032300,1704504766181,False
27354180,44004.12000000,0.00004000,1.76016480,1704504770145,True
27354181,44004.12000000,0.00028000,12.32115360,1704504777423,True
27354182,44016.20000000,0.00035000,15.40567000,1704504781993,False
27354183,43991.48000000,0.00800000,351.93184000,1704504783772,True
27354184,43991.55000000,0.00034000,14.95712700,1704504784760,True
27354185,43991.48000000,0.00034000,14.95710320,1704504784760,True
27354186,43991.48000000,0.00800000,351.93184000,1704504796415,True
27354187,43991.47000000,0.00200000,87.98294000,1704504796415,True
27354188,43991.48000000,0.00800000,351.93184000,1704504797425,True
27354189,43991.48000000,0.00700000,307.94036000,1704504798204,True
27354190,43991.47000000,0.00300000,131.97441000,1704504798204,True
27354191,43991.47000000,0.08978000,3949.55417660,1704504798425,True
27354192,43974.87000000,0.00003000,1.31924610,1704504805182,True
27354193,43970.83000000,0.00028000,12.31183240,1704504807463,True
27354194,44001.45000000,0.00014000,6.16020300,1704504807907,False
27354195,43972.17000000,0.00006000,2.63833020,1704504846921,True
27354196,43972.17000000,0.00681000,299.45047770,1704504846921,True
27354197,43972.12000000,0.18141000,7976.98228920,1704504846921,True
27354198,44016.40000000,0.00681000,299.75168400,1704504853624,False
27354199,44016.67000000,0.00028000,12.32466760,1704504853624,False
27354200,44029.96000000,0.00072000,31.70157120,1704504854768,False
27354201,44030.00000000,0.01221000,537.60630000,1704505011314,False
27354202,44030.00000000,0.00045000,19.81350000,1704505011314,False
27354203,44030.15000000,0.00049000,21.57477350,1704505012338,False
27354204,44034.40000000,0.00072000,31.70476800,1704505013463,False
27354205,44034.48000000,0.00003000,1.32103440,1704505013463,False
27354206,44037.76000000,0.02440000,1074.52134400,1704505033066,True
27354207,44037.76000000,0.00003000,1.32113280,1704505035239,True
27354208,44037.76000000,0.00003000,1.32113280,1704505038720,True
27354209,44037.76000000,0.00003000,1.32113280,1704505042489,True
27354210,44040.67000000,0.00077000,33.91131590,1704505044107,False
27354211,44008.67000000,0.00009000,3.96078030,1704505059157,False
27354212,44024.64000000,0.00023000,10.12566720,1704505069315,False
27354213,44024.64000000,0.00007000,3.08172480,1704505078463,False
27354214,44041.30000000,0.00072000,31.70973600,1704505102373,False
27354215,44041.17000000,0.00003000,1.32123510,1704505119894,False
27354216,44041.17000000,0.00003000,1.32123510,1704505125241,True
27354217,44041.23000000,0.00072000,31.70968560,1704505126468,False
27354218,44041.18000000,0.00003000,1.32123540,1704505128801,False
27354219,44033.18000000,0.00009000,3.96298620,1704505139469,False
27354220,44041.21000000,0.01281000,564.16790010,1704505145840,False
27354221,44041.29000000,0.00800000,352.33032000,1704505175043,False
27354222,44041.30000000,0.00200000,88.08260000,1704505175043,False
27354223,44041.29000000,0.00800000,352.33032000,1704505176488,False
27354224,44041.30000000,0.00031000,13.65280300,1704505176488,False
27354225,44041.29000000,0.00800000,352.33032000,1704505187331,False
27354226,44041.30000000,0.00200000,88.08260000,1704505187331,False
27354227,44041.29000000,0.00800000,352.33032000,1704505188507,False
27354228,44041.30000000,0.00200000,88.08260000,1704505188507,False
27354229,44041.29000000,0.00664000,292.43416560,1704505189504,False
27354230,44041.29000000,0.00003000,1.32123870,1704505192945,False
27354231,44041.29000000,0.00003000,1.32123870,1704505196668,False
27354232,44041.25000000,0.00003000,1.32123750,1704505200441,False
27354233,44041.19000000,0.00003000,1.32123570,1704505204196,False
27354234,44025.19000000,0.00012000,5.28302280,1704505215713,False
27354235,44025.30000000,0.00010000,4.40253000,1704505260104,True
27354236,44049.48000000,0.00036000,15.85781280,1704505261822,False
27354237,44049.48000000,0.00003000,1.32148440,1704505264116,False
27354238,44033.48000000,0.00003000,1.32100440,1704505279391,False
27354239,44049.48000000,0.00033000,14.53632840,1704505442097,False
27354240,44053.86000000,0.00036000,15.85938960,1704505442228,False
27354241,44054.65000000,0.00205000,90.31203250,1704505442228,False
27354242,44058.81000000,0.00072000,31.72234320,1704505442228,False
27354243,44060.96000000,0.00045000,19.82743200,1704505442228,False
27354244,44062.50000000,0.00028000,12.33750000,1704505442228,False
27354245,44065.42000000,0.00530000,233.54672600,1704505442228,False
27354246,44049.48000000,0.00036000,15.85781280,1704505442736,True
27354247,44049.48000000,0.00034000,14.97682320,1704505444355,True
27354248,44049.48000000,0.00842000,370.89662160,1704505448074,True
27354249,44049.48000000,0.00003000,1.32148440,1704505448074,True
27354250,44033.48000000,0.00003000,1.32100440,1704505464472,False
27354251,44060.24000000,0.00003000,1.32180720,1704505486351,False
27354252,44060.24000000,0.00045000,19.82710800,1704505502221,False
27354253,44059.98000000,0.00150000,66.08997000,1704505526475,False
27354254,44059.98000000,0.00104000,45.82237920,1704505526475,False
27354255,44059.40000000,0.00003000,1.32178200,1704505551357,False
27354256,44059.33000000,0.00003000,1.32177990,1704505554882,False
27354257,44059.24000000,0.00003000,1.32177720,1704505558570,False
27354258,44059.18000000,0.00003000,1.32177540,1704505562500,False
27354259,44016.88000000,0.00003000,1.32050640,1704505582497,True
27354260,44016.87000000,0.00009000,3.96151830,1704505582497,True
27354261,44060.24000000,0.00023000,10.13385520,1704505582787,True
27354262,44060.14000000,0.01565000,689.54119100,1704505609755,False
