id,price,qty,quote_qty,time,is_buyer_maker
27296882,42860.53000000,0.04433000,1900.00729490,1704326403116,False
27296883,42860.54000000,0.01734000,743.20176360,1704326403116,False
27296884,42854.69000000,0.00500000,214.27345000,1704326405711,False
27296885,42818.20000000,0.00699000,299.29921800,1704326406287,True
27296886,42818.19000000,0.00301000,128.88275190,1704326406287,True
27296887,42818.19000000,0.00255000,109.18638450,1704326407652,True
27296888,42818.03000000,0.00529000,226.50737870,1704326407652,True
27296889,42817.05000000,0.00800000,342.53640000,1704326409561,True
27296890,42817.04000000,0.00200000,85.63408000,1704326409561,True
27296891,42817.04000000,0.01360000,582.31174400,1704326410393,True
27296892,42817.05000000,0.00703000,301.00386150,1704326412052,True
27296893,42807.08000000,0.00004000,1.71228320,1704326416570,True
27296894,42807.02000000,0.00235000,100.59649700,1704326421156,True
27296895,42847.58000000,0.00800000,342.78064000,1704326421417,False
27296896,42847.58000000,0.00700000,299.93306000,1704326421417,False
27296897,42847.59000000,0.04576000,1960.70571840,1704326421417,False
27296898,42847.60000000,0.26618000,11405.17416800,1704326421417,False
27296899,42850.85000000,0.00703000,301.24147550,1704326421417,False
27296900,42857.65000000,0.05099000,2185.31157350,1704326421417,False
27296901,42859.18000000,0.00072000,30.85860960,1704326421417,False
27296902,42860.51000000,0.26043000,11162.16261930,1704326421417,False
27296903,42847.59000000,0.00036000,15.42513240,1704326424316,False
27296904,42807.11000000,0.00372000,159.24244920,1704326457017,True
27296905,42807.11000000,0.00020000,8.56142200,1704326457023,True
27296906,42807.11000000,0.00021000,8.98949310,1704326457023,True
27296907,42841.25000000,0.00072000,30.84570000,1704326457831,False
27296908,42817.63000000,0.00374000,160.13793620,1704326461767,False
27296909,42841.24000000,0.00554000,237.34046960,1704326466701,False
27296910,42855.55000000,0.00616000,263.99018800,1704326471593,False
27296911,42841.26000000,0.00222000,95.10759720,1704326472024,True
27296912,42843.07000000,0.00072000,30.84701040,1704326472429,False
27296913,42860.59000000,0.00070000,30.00241300,1704326472891,False
27296914,42866.94000000,0.00002000,0.85733880,1704326472891,False
27296915,42866.94000000,0.00009000,3.85802460,1704326474240,False
27296916,42855.54000000,0.00555000,237.84824700,1704326475512,False
27296917,42866.94000000,0.00021000,9.00205740,1704326478800,False
27296918,42841.27000000,0.00626000,268.18635020,1704326483364,True
27296919,42841.26000000,0.00333000,142.66139580,1704326483364,True
27296920,42866.60000000,0.05099000,2185.76793400,1704326484555,False
27296921,42866.93000000,0.04624000,1982.16684320,1704326484555,False
27296922,42866.94000000,0.19651000,8423.78237940,1704326484555,False
27296923,42862.39000000,0.00009000,3.85761510,1704326486834,False
27296924,42816.05000000,0.00018000,7.70688900,1704326489480,True
27296925,42862.36000000,0.00050000,21.43118000,1704326491114,False
27296926,42862.37000000,0.00308000,132.01609960,1704326491114,False
27296927,42862.36000000,0.00009000,3.85761240,1704326499604,False
27296928,42862.36000000,0.04372000,1873.94237920,1704326500706,False
27296929,42862.37000000,0.25131000,10771.74220470,1704326500706,False
27296930,42826.77000000,0.00011000,4.71094470,1704326500791,True
27296931,42826.77000000,0.00029000,12.41976330,1704326511264,True
27296932,42831.99000000,0.00185000,79.23918150,1704326536802,True
27296933,42831.99000000,0.00389000,166.61644110,1704326537711,True
27296934,42831.98000000,0.00482000,206.45014360,1704326537711,True
27296935,42826.78000000,0.00762000,326.34006360,1704326545136,True
27296936,42826.77000000,0.00238000,101.92771260,1704326545136,True
27296937,42826.78000000,0.00222000,95.07545160,1704326546343,True
27296938,42862.33000000,0.00012000,5.14347960,1704326556492,False
27296939,42862.33000000,0.00023000,9.85833590,1704326572956,False
27296940,42862.33000000,0.00080000,34.28986400,1704326573641,False
27296941,42862.33000000,0.00011000,4.71485630,1704326573871,False
27296942,42862.33000000,0.00069000,29.57500770,1704326573980,False
27296943,42836.79000000,0.00021000,8.99572590,1704326574813,True
27296944,42862.33000000,0.00630000,270.03267900,1704326575131,False
27296945,42862.34000000,0.00370000,158.59065800,1704326575131,False
27296946,42862.34000000,0.00391000,167.59174940,1704326576265,False
27296947,42862.35000000,0.00290000,124.30081500,1704326576265,False
27296948,42862.37000000,0.00319000,136.73096030,1704326576265,False
27296949,42839.45000000,0.00040000,17.13578000,1704326577137,True
27296950,42862.37000000,0.00440000,188.59442800,1704326577266,False
27296951,42866.93000000,0.00004000,1.71467720,1704326578517,False
27296952,42866.93000000,0.00070000,30.00685100,1704326578522,False
27296953,42866.93000000,0.00008000,3.42935440,1704326578845,False
27296954,42840.98000000,0.00008000,3.42727840,1704326579096,True
27296955,42841.28000000,0.00010000,4.28412800,1704326580121,True
27296956,42866.93000000,0.00072000,30.86418960,1704326580622,False
27296957,42841.45000000,0.00003000,1.28524350,1704326581641,True
27296958,42841.46000000,0.00006000,2.57048760,1704326591622,True
27296959,42866.92000000,0.00009000,3.85802280,1704326593185,False
27296960,42866.92000000,0.00009000,3.85802280,1704326595243,False
27296961,42866.92000000,0.00021000,9.00205320,1704326597282,False
27296962,42866.92000000,0.00009000,3.85802280,1704326607602,False
27296963,42843.01000000,0.00034000,14.56662340,1704326608967,True
27296964,42866.91000000,0.00290000,124.31403900,1704326620791,False
27296965,42866.92000000,0.00381000,163.32296520,1704326620791,False
27296966,42866.93000000,0.00150000,64.30039500,1704326620791,False
27296967,42866.94000000,0.38253000,16397.89055820,1704326620791,False
27296968,42844.16000000,0.00021000,8.99727360,1704326624917,True
27296969,42844.16000000,0.00018000,7.71194880,1704326626241,True
27296970,42844.17000000,0.00391000,167.52070470,1704326633683,True
27296971,42844.16000000,0.00302000,129.38936320,1704326633683,True
27296972,42866.89000000,0.00116000,49.72559240,1704326634390,False
27296973,42843.02000000,0.00290000,124.24475800,1704326635564,True
27296974,42843.01000000,0.00283000,121.24571830,1704326635564,True
27296975,42841.51000000,0.00352000,150.80211520,1704326637261,True
27296976,42841.51000000,0.00184000,78.82837840,1704326637277,True
27296977,42841.50000000,0.00352000,150.80208000,1704326637277,True
27296978,42841.47000000,0.00386000,165.36807420,1704326637277,True
27296979,42841.46000000,0.00078000,33.41633880,1704326637277,True
27296980,42841.46000000,0.00344000,147.37462240,1704326638594,True
27296981,42859.83000000,0.01031000,441.88484730,1704326664527,False
27296982,42859.83000000,0.00699000,299.59021170,1704326664527,False
27296983,42859.85000000,0.00371000,159.01004350,1704326664527,False
27296984,42815.43000000,0.00219000,93.76579170,1704326666311,True
27296985,42815.43000000,0.00699000,299.27985570,1704326666311,True
27296986,42815.42000000,0.00082000,35.10864440,1704326666311,True
27296987,42859.69000000,0.00003000,1.28579070,1704326667013,False
27296988,42815.43000000,0.00699000,299.27985570,1704326667606,True
27296989,42815.42000000,0.00190000,81.34929800,1704326667606,True
27296990,42815.41000000,0.00111000,47.52510510,1704326667606,True
27296991,42815.42000000,0.00205000,87.77161100,1704326669123,True
27296992,42815.41000000,0.00229000,98.04728890,1704326669123,True
27296993,42809.19000000,0.00222000,95.03640180,1704326676767,True
27296994,42843.72000000,0.00130000,55.69683600,1704326685424,False
27296995,42807.13000000,0.00046000,19.69127980,1704326688037,True
27296996,42807.13000000,0.00102000,43.66327260,1704326689473,True
27296997,42843.72000000,0.00072000,30.84747840,1704326690434,False
27296998,42843.69000000,0.00009000,3.85593210,1704326699545,False
27296999,42843.09000000,0.00072000,30.84702480,1704326705209,False
27297000,42843.72000000,0.00333000,142.66958760,1704326705209,False
27297001,42843.73000000,0.00004000,1.71374920,1704326705574,False
27297002,42843.73000000,0.00058000,24.84936340,1704326705788,False
27297003,42843.73000000,0.00395000,169.23273350,1704326706276,False
27297004,42843.74000000,0.00407000,174.37402180,1704326706276,False
27297005,42843.75000000,0.00198000,84.83062500,1704326706276,False
27297006,42843.75000000,0.00153000,65.55093750,1704326706282,False
27297007,42843.76000000,0.00290000,124.24690400,1704326706282,False
27297008,42846.45000000,0.00004000,1.71385800,1704326706282,False
27297009,42854.66000000,0.00200000,85.70932000,1704326707771,False
27297010,42854.66000000,0.00700000,299.98262000,1704326707771,False
27297011,42854.67000000,0.00100000,42.85467000,1704326707771,False
27297012,42854.45000000,0.00004000,1.71417800,1704326708864,False
27297013,42859.58000000,0.00072000,30.85889760,1704326711584,False
27297014,42859.58000000,0.00120000,51.43149600,1704326712817,False
27297015,42859.58000000,0.00410000,175.72427800,1704326713110,False
27297016,42861.10000000,0.00136000,58.29109600,1704326713110,False
27297017,42866.94000000,0.00821000,351.93757740,1704326713110,False
27297018,42854.45000000,0.00003000,1.28563350,1704326713654,True
27297019,42854.45000000,0.00004000,1.71417800,1704326714245,False
27297020,42869.35000000,0.00004000,1.71477400,1704326715610,False
27297021,42859.57000000,0.00563000,241.29937910,1704326715812,False
27297022,42869.35000000,0.00033000,14.14688550,1704326715869,False
27297023,42854.36000000,0.00006000,2.57126160,1704326716896,True
27297024,42869.34000000,0.00035000,15.00426900,1704326728817,False
27297025,42854.39000000,0.00413000,176.98863070,1704326735144,True
27297026,42854.39000000,0.00699000,299.55218610,1704326735144,True
27297027,42854.39000000,0.00005000,2.14271950,1704326735144,True
27297028,42854.38000000,0.00454000,194.55888520,1704326735144,True
27297029,42854.37000000,0.00567000,242.98427790,1704326735144,True
27297030,42836.81000000,0.00102000,43.69354620,1704326750712,True
27297031,42836.81000000,0.00242000,103.66508020,1704326751909,True
27297032,42836.81000000,0.00040000,17.13472400,1704326753082,True
27297033,42836.82000000,0.00465000,199.19121300,1704326756477,True
27297034,42836.81000000,0.00084000,35.98292040,1704326756477,True
27297035,42836.80000000,0.00451000,193.19396800,1704326756477,True
27297036,42836.80000000,0.00063000,26.98718400,1704326757556,True
27297037,42836.78000000,0.00563000,241.17107140,1704326757556,True
27297038,42862.66000000,0.00005000,2.14313300,1704326763298,False
27297039,42823.72000000,0.00046000,19.69891120,1704326772431,True
27297040,42800.00000000,0.00163000,69.76400000,1704326793690,True
27297041,42851.61000000,0.00003000,1.28554830,1704326793870,False
27297042,42851.61000000,0.00050000,21.42580500,1704326794882,False
27297043,42851.62000000,0.00022000,9.42735640,1704326794882,False
27297044,42793.10000000,0.00003000,1.28379300,1704326802405,True
27297045,42816.67000000,0.00021000,8.99150070,1704326803441,False
27297046,42816.63000000,0.00072000,30.82797360,1704326805996,False
27297047,42777.01000000,0.00800000,342.21608000,1704326809237,True
27297048,42777.00000000,0.00200000,85.55400000,1704326809237,True
27297049,42777.01000000,0.00800000,342.21608000,1704326810413,True
27297050,42777.00000000,0.00200000,85.55400000,1704326810413,True
27297051,42808.69000000,0.00009000,3.85278210,1704326820098,False
27297052,42777.01000000,0.00800000,342.21608000,1704326822185,True
27297053,42777.00000000,0.00200000,85.55400000,1704326822185,True
27297054,42777.01000000,0.00012000,5.13324120,1704326822767,True
27297055,42777.01000000,0.00012000,5.13324120,1704326823192,True
27297056,42777.01000000,0.00800000,342.21608000,1704326823192,True
27297057,42777.00000000,0.00188000,80.42076000,1704326823192,True
27297058,42777.01000000,0.00800000,342.21608000,1704326824199,True
27297059,42777.00000000,0.00200000,85.55400000,1704326824199,True
27297060,42777.02000000,0.00750000,320.82765000,1704326826780,True
27297061,42777.01000000,0.00250000,106.94252500,1704326826780,True
27297062,42777.01000000,0.02037000,871.36769370,1704326828019,True
27297063,42777.01000000,0.00513000,219.44606130,1704326828749,True
27297064,42777.00000000,0.02713000,1160.54001000,1704326829856,True
27297065,42777.00000000,0.00700000,299.43900000,1704326829856,True
27297066,42777.00000000,0.00721000,308.42217000,1704326829856,True
27297067,42777.00000000,0.00541000,231.42357000,1704326829856,True
27297068,42777.00000000,0.01623000,694.27071000,1704326829856,True
27297069,42771.68000000,0.00070000,29.94017600,1704326830877,True
27297070,42779.14000000,0.00701000,299.88177140,1704326832943,False
27297071,42779.15000000,0.02800000,1197.81620000,1704326832943,False
27297072,42784.14000000,0.01598000,683.69055720,1704326832943,False
27297073,42784.21000000,0.02670000,1142.33840700,1704326833049,False
27297074,42784.21000000,0.01228000,525.39009880,1704326833049,False
27297075,42784.21000000,0.01109000,474.47688890,1704326833049,False
27297076,42795.52000000,0.00800000,342.36416000,1704326836261,False
27297077,42795.52000000,0.00701000,299.99659520,1704326836261,False
27297078,42795.53000000,0.00249000,106.56086970,1704326836261,False
27297079,42795.52000000,0.00800000,342.36416000,1704326837994,False
27297080,42795.53000000,0.00200000,85.59106000,1704326837994,False
27297081,42795.52000000,0.00800000,342.36416000,1704326838571,False
27297082,42777.18000000,0.01286000,550.11453480,1704326841763,True
27297083,42777.16000000,0.01075000,459.85447000,1704326841763,True
27297084,42777.09000000,0.00800000,342.21672000,1704326864271,True
27297085,42777.09000000,0.00278000,118.92031020,1704326866268,True
27297086,42813.96000000,0.00024000,10.27535040,1704326868990,False
27297087,42815.93000000,0.00700000,299.71151000,1704326874798,False
27297088,42829.05000000,0.00072000,30.83691600,1704326874798,False
27297089,42839.08000000,0.00003000,1.28517240,1704326876822,False
27297090,42853.42000000,0.00072000,30.85446240,1704326877577,False
27297091,42853.69000000,0.00072000,30.85465680,1704326881778,False
27297092,42864.23000000,0.00012000,5.14370760,1704326883736,False
27297093,42864.23000000,0.00012000,5.14370760,1704326885549,False
27297094,42868.33000000,0.00472000,202.33851760,1704326917386,False
27297095,42868.32000000,0.00516000,221.20053120,1704326917717,False
27297096,42868.33000000,0.00001000,0.42868330,1704326917717,False
27297097,42868.35000000,0.00370000,158.61289500,1704326917717,False
27297098,42868.37000000,0.00113000,48.44125810,1704326917717,False
27297099,42825.45000000,0.00003000,1.28476350,1704326917899,True
27297100,42868.37000000,0.00165000,70.73281050,1704326919289,False
27297101,42868.38000000,0.00244000,104.59884720,1704326919289,False
27297102,42868.39000000,0.00271000,116.17333690,1704326919289,False
27297103,42868.40000000,0.00301000,129.03388400,1704326919289,False
27297104,42868.42000000,0.00019000,8.14499980,1704326919289,False
27297105,42868.43000000,0.00278000,119.17423540,1704326920917,False
27297106,42868.45000000,0.00192000,82.30742400,1704326920917,False
27297107,42868.46000000,0.00153000,65.58874380,1704326920917,False
27297108,42861.43000000,0.00072000,30.86022960,1704326921951,False
27297109,42869.35000000,0.00012000,5.14432200,1704326923120,False
27297110,42875.52000000,0.00072000,30.87037440,1704326924442,False
27297111,42868.42000000,0.00640000,274.35788800,1704326925321,False
27297112,42837.36000000,0.00021000,8.99584560,1704326928384,True
27297113,42876.82000000,0.00004000,1.71507280,1704326930289,False
27297114,42876.82000000,0.00020000,8.57536400,1704326930324,False
27297115,42876.82000000,0.00009000,3.85891380,1704326930324,False
27297116,42877.25000000,0.00072000,30.87162000,1704326930324,False
27297117,42877.45000000,0.00072000,30.87176400,1704326930324,False
27297118,42884.37000000,0.00254000,108.92629980,1704326930324,False
27297119,42885.06000000,0.00003000,1.28655180,1704326930324,False
27297120,42885.99000000,0.00072000,30.87791280,1704326930324,False
27297121,42887.12000000,0.00023000,9.86403760,1704326930324,False
27297122,42887.28000000,0.00045000,19.29927600,1704326930324,False
27297123,42888.82000000,0.00600000,257.33292000,1704326930324,False
27297124,42890.01000000,0.00800000,343.12008000,1704326930324,False
27297125,42890.02000000,0.03017000,1293.99190340,1704326930324,False
27297126,42889.87000000,0.00009000,3.86008830,1704326934305,False
27297127,42846.28000000,0.00009000,3.85616520,1704326940107,True
27297128,42889.85000000,0.00072000,30.88069200,1704326940337,False
27297129,42889.83000000,0.00009000,3.86008470,1704326946910,False
27297130,42889.82000000,0.00072000,30.88067040,1704326948392,False
27297131,42882.27000000,0.00009000,3.85940430,1704326959624,False
27297132,42882.27000000,0.00016000,6.86116320,1704326960243,False
27297133,42882.27000000,0.00047000,20.15466690,1704326960720,False
27297134,42889.82000000,0.00021000,9.00686220,1704326962401,False
27297135,42864.43000000,0.00039000,16.71712770,1704326969050,True
27297136,42889.82000000,0.00072000,30.88067040,1704326969618,False
27297137,42864.44000000,0.00027000,11.57339880,1704326971294,True
27297138,42889.82000000,0.00038000,16.29813160,1704326971713,False
27297139,42889.83000000,0.00216000,92.64203280,1704326971713,False
27297140,42890.36000000,0.00072000,30.88105920,1704326971713,False
27297141,42892.78000000,0.00072000,30.88280160,1704326971713,False
27297142,42898.00000000,0.00003000,1.28694000,1704326972788,False
27297143,42899.53000000,0.00466000,199.91180980,1704326972798,False
27297144,42899.54000000,0.00600000,257.39724000,1704326973105,False
27297145,42899.54000000,0.00600000,257.39724000,1704326973105,False
27297146,42899.54000000,0.00800000,343.19632000,1704326973105,False
27297147,42900.00000000,0.00023000,9.86700000,1704326973105,False
27297148,42900.00000000,0.00831000,356.49900000,1704326973105,False
27297149,42889.85000000,0.00163000,69.91045550,1704326980223,False
27297150,42864.75000000,0.00047000,20.14643250,1704326980729,True
27297151,42898.00000000,0.00072000,30.88656000,1704326991637,False
27297152,42865.05000000,0.00021000,9.00166050,1704326995645,True
27297153,42898.00000000,0.00009000,3.86082000,1704327002306,False
27297154,42898.00000000,0.00072000,30.88656000,1704327003624,False
27297155,42898.00000000,0.00156000,66.92088000,1704327004236,False
27297156,42898.00000000,0.00291000,124.83318000,1704327008507,False
27297157,42900.00000000,0.01020000,437.58000000,1704327009081,False
27297158,42898.00000000,0.00053000,22.73594000,1704327009558,True
27297159,42898.01000000,0.00830000,356.05348300,1704327011367,True
27297160,42898.00000000,0.05016000,2151.76368000,1704327011367,True
27297161,42899.97000000,0.00003000,1.28699910,1704327011396,False
27297162,42900.00000000,0.00997000,427.71300000,1704327011396,False
27297163,42900.00000000,0.13671000,5864.85900000,1704327012441,False
27297164,42898.00000000,0.06953000,2982.69794000,1704327013398,True
27297165,42898.03000000,0.00600000,257.38818000,1704327035511,True
27297166,42898.02000000,0.00400000,171.59208000,1704327035511,True
27297167,42898.03000000,0.00640000,274.54739200,1704327040643,True
27297168,42898.02000000,0.00266000,114.10873320,1704327040643,True
27297169,42898.01000000,0.00094000,40.32412940,1704327040643,True
27297170,42898.01000000,0.00736000,315.72935360,1704327040652,True
27297171,42898.01000000,0.00699000,299.85708990,1704327040652,True
27297172,42898.00000000,0.05448000,2337.08304000,1704327040652,True
27297173,42898.00000000,0.00207000,88.79886000,1704327041098,True
27297174,42898.00000000,0.00070000,30.02860000,1704327044030,True
27297175,42898.01000000,0.00029000,12.44042290,1704327055674,True
27297176,42899.95000000,0.00556000,238.52372200,1704327058886,False
27297177,42899.95000000,0.00699000,299.87065050,1704327058886,False
27297178,42899.95000000,0.00024000,10.29598800,1704327059632,True
27297179,42899.95000000,0.00227000,97.38288650,1704327060034,True
27297180,42899.95000000,0.00019000,8.15099050,1704327060117,True
27297181,42899.95000000,0.00012000,5.14799400,1704327062442,True
27297182,42899.95000000,0.00185000,79.36490750,1704327065533,True
27297183,42899.97000000,0.00685000,293.86479450,1704327068773,False
27297184,42899.98000000,0.00315000,135.13493700,1704327068773,False
27297185,42899.98000000,0.00325000,139.42493500,1704327070139,False
27297186,42900.00000000,0.00675000,289.57500000,1704327070139,False
27297187,42900.00000000,0.05385000,2310.16500000,1704327071650,False
27297188,42900.00000000,0.00009000,3.86100000,1704327072136,False
27297189,42899.96000000,0.00267000,114.54289320,1704327072572,True
27297190,42899.95000000,0.00267000,114.54286650,1704327072918,True
27297191,42899.96000000,0.04063000,1743.02537480,1704327072935,False
27297192,42900.00000000,0.00484000,207.63600000,1704327072935,False
27297193,42900.00000000,0.55281000,23715.54900000,1704327073141,False
27297194,42900.00000000,0.00250000,107.25000000,1704327073141,False
27297195,42900.43000000,0.00072000,30.88830960,1704327074150,False
27297196,42900.73000000,0.00004000,1.71602920,1704327074164,False
27297197,42901.49000000,0.00072000,30.88907280,1704327074164,False
27297198,42901.91000000,0.00019000,8.15136290,1704327074164,False
27297199,42903.00000000,0.00700000,300.32100000,1704327074164,False
27297200,42899.96000000,0.00006000,2.57399760,1704327076134,True
27297201,42899.97000000,0.00005000,2.14499850,1704327086310,True
27297202,42902.71000000,0.00042000,18.01913820,1704327093511,False
27297203,42902.69000000,0.00336000,144.15303840,1704327105816,False
27297204,42902.70000000,0.00349000,149.73042300,1704327106831,False
27297205,42902.71000000,0.00327000,140.29186170,1704327107887,False
27297206,42902.72000000,0.00459000,196.92348480,1704327108931,False
27297207,42906.81000000,0.00072000,30.89290320,1704327110100,False
27297208,42908.47000000,0.00035000,15.01796450,1704327111108,False
27297209,42909.17000000,0.00016000,6.86546720,1704327118527,False
27297210,42909.86000000,0.00030000,12.87295800,1704327119545,False
27297211,42909.86000000,0.20405000,8755.75693300,1704327119545,False
27297212,42905.16000000,0.00008000,3.43241280,1704327123626,True
27297213,42910.27000000,0.00600000,257.46162000,1704327133653,False
27297214,42910.27000000,0.00600000,257.46162000,1704327133653,False
27297215,42914.02000000,0.00880000,377.64337600,1704327141842,False
27297216,42916.67000000,0.00029000,12.44583430,1704327141915,False
27297217,42919.18000000,0.00008000,3.43353440,1704327141915,False
27297218,42919.87000000,0.00004000,1.71679480,1704327141915,False
27297219,42919.87000000,0.00041000,17.59714670,1704327142297,False
27297220,42918.17000000,0.00014000,6.00854380,1704327145632,True
27297221,42918.18000000,0.00037000,15.87972660,1704327148156,True
27297222,42919.87000000,0.00007000,3.00439090,1704327152858,False
27297223,42918.18000000,0.00602000,258.36744360,1704327154784,True
27297224,42918.17000000,0.00398000,170.81431660,1704327154784,True
27297225,42913.10000000,0.00507000,217.56941700,1704327155142,True
27297226,42913.10000000,0.00698000,299.53343800,1704327155142,True
27297227,42918.17000000,0.00063000,27.03844710,1704327156166,True
27297228,42917.46000000,0.02250000,965.64285000,1704327156181,True
27297229,42915.07000000,0.01097000,470.77831790,1704327157272,True
27297230,42915.07000000,0.01224000,525.28045680,1704327157272,True
27297231,42915.07000000,0.00009000,3.86235630,1704327159629,True
27297232,42910.28000000,0.00469000,201.24921320,1704327161991,True
27297233,42910.27000000,0.00531000,227.85353370,1704327161991,True
27297234,42910.27000000,0.02107000,904.11938890,1704327162252,True
27297235,42909.00000000,0.00485000,208.10865000,1704327162252,True
27297236,42900.05000000,0.00008000,3.43200400,1704327167779,True
27297237,42915.69000000,0.00213000,91.41041970,1704327199781,False
27297238,42900.10000000,0.00009000,3.86100900,1704327201323,True
27297239,42915.77000000,0.01442000,618.84540340,1704327243018,False
27297240,42917.99000000,0.00798000,342.48556020,1704327243035,False
27297241,42918.00000000,0.00007000,3.00426000,1704327243035,False
27297242,42919.87000000,0.00020000,8.58397400,1704327243175,False
27297243,42918.68000000,0.00072000,30.90144960,1704327244119,False
27297244,42918.68000000,0.00220000,94.42109600,1704327244304,False
27297245,42920.00000000,0.00033000,14.16360000,1704327245518,False
27297246,42923.00000000,0.00003000,1.28769000,1704327246679,False
27297247,42923.01000000,0.00063000,27.04149630,1704327246679,False
27297248,42924.62000000,0.00049000,21.03306380,1704327247725,False
27297249,42925.00000000,0.00048000,20.60400000,1704327249800,False
27297250,42925.73000000,0.00174000,74.69077020,1704327250950,False
27297251,42925.73000000,0.00426000,182.86360980,1704327251964,False
27297252,42926.56000000,0.00081000,34.77051360,1704327258313,False
27297253,42928.91000000,0.00019000,8.15649290,1704327260872,False
27297254,42929.20000000,0.00030000,12.87876000,1704327261290,False
27297255,42931.03000000,0.00003000,1.28793090,1704327261290,False
27297256,42931.37000000,0.00025000,10.73284250,1704327261290,False
27297257,42936.46000000,0.00600000,257.61876000,1704327261978,False
27297258,42937.97000000,0.00070000,30.05657900,1704327262839,False
27297259,42938.12000000,0.00193000,82.87057160,1704327262839,False
27297260,42938.98000000,0.00600000,257.63388000,1704327262839,False
27297261,42939.79000000,0.00137000,58.82751230,1704327262839,False
27297262,42940.31000000,0.00021000,9.01746510,1704327265766,False
27297263,42940.31000000,0.00051000,21.89955810,1704327271866,False
27297264,42947.19000000,0.00600000,257.68314000,1704327273039,False
27297265,42912.39000000,0.00003000,1.28737170,1704327274060,True
27297266,42948.92000000,0.00167000,71.72469640,1704327280011,False
27297267,42948.92000000,0.00698000,299.78346160,1704327280011,False
27297268,42949.00000000,0.00004000,1.71796000,1704327280011,False
27297269,42949.71000000,0.00600000,257.69826000,1704327280011,False
27297270,42950.00000000,0.52642000,22609.73900000,1704327280011,False
27297271,42952.58000000,0.00090000,38.65732200,1704327280011,False
27297272,42956.32000000,0.00045000,19.33034400,1704327280011,False
27297273,42957.94000000,0.00600000,257.74764000,1704327280011,False
27297274,42960.46000000,0.00600000,257.76276000,1704327280011,False
27297275,42960.78000000,0.00072000,30.93176160,1704327280011,False
27297276,42960.78000000,0.00072000,30.93176160,1704327280011,False
27297277,42960.99000000,0.00072000,30.93191280,1704327280011,False
27297278,42962.90000000,0.57274000,24606.57134600,1704327280011,False
27297279,42968.68000000,0.00600000,257.81208000,1704327280011,False
27297280,42972.68000000,0.00207000,88.95344760,1704327280011,False
27297281,42972.68000000,0.00021000,9.02426280,1704327280011,False
27297282,42975.85000000,0.06099000,2621.09709150,1704327280011,False
27297283,42977.01000000,0.00003000,1.28931030,1704327280011,False
27297284,42977.95000000,0.00072000,30.94412400,1704327280011,False
27297285,42979.42000000,0.00600000,257.87652000,1704327280011,False
27297286,42979.70000000,0.00020000,8.59594000,1704327280011,False
27297287,42979.90000000,0.00049000,21.06015100,1704327280011,False
27297288,42980.00000000,0.00100000,42.98000000,1704327280011,False
27297289,42980.00000000,0.26618000,11440.41640000,1704327280011,False
27297290,42982.46000000,0.00004000,1.71929840,1704327280011,False
27297291,42982.46000000,0.00020000,8.59649200,1704327280011,False
27297292,42985.11000000,0.00010000,4.29851100,1704327280011,False
27297293,42986.43000000,0.00054000,23.21267220,1704327280011,False
27297294,42986.92000000,0.02109000,906.59414280,1704327280011,False
27297295,42987.78000000,0.00051000,21.92376780,1704327280011,False
27297296,42989.41000000,0.00021000,9.02777610,1704327280011,False
27297297,42990.00000000,0.00406000,174.53940000,1704327280011,False
27297298,42921.31000000,0.00009000,3.86291790,1704327281717,True
27297299,42973.80000000,0.00072000,30.94113600,1704327283161,False
27297300,42973.78000000,0.00009000,3.86764020,1704327285411,False
27297301,42931.04000000,0.00009000,3.86379360,1704327286721,True
27297302,42931.05000000,0.00357000,153.26384850,1704327292254,True
27297303,42931.05000000,0.00006000,2.57586300,1704327292942,True
27297304,42931.06000000,0.00010000,4.29310600,1704327300109,True
27297305,42957.34000000,0.00800000,343.65872000,1704327303130,False
27297306,42957.34000000,0.00698000,299.84223320,1704327303130,False
27297307,42957.35000000,0.00072000,30.92929200,1704327303130,False
27297308,42957.35000000,0.04487000,1927.49629450,1704327303130,False
27297309,42957.76000000,0.31448000,13509.35636480,1704327303130,False
27297310,42970.74000000,0.05099000,2191.07803260,1704327303130,False
27297311,42973.80000000,0.00600000,257.84280000,1704327303130,False
27297312,42980.53000000,0.00004000,1.71922120,1704327303130,False
27297313,42988.53000000,0.00004000,1.71954120,1704327303130,False
27297314,42990.00000000,0.00292000,125.53080000,1704327303130,False
27297315,42990.17000000,0.00600000,257.94102000,1704327303130,False
27297316,42992.27000000,0.00072000,30.95443440,1704327303130,False
27297317,42992.44000000,0.00072000,30.95455680,1704327303130,False
27297318,42992.44000000,0.00005000,2.14962200,1704327303130,False
27297319,42995.32000000,0.00279000,119.95694280,1704327303130,False
27297320,42995.74000000,0.00082000,35.25650680,1704327303130,False
27297321,42996.44000000,0.00072000,30.95743680,1704327303130,False
27297322,42998.99000000,0.00580000,249.39414200,1704327303130,False
27297323,42999.00000000,0.04712000,2026.11288000,1704327303130,False
27297324,42999.30000000,0.26618000,11445.55367400,1704327303130,False
27297325,42999.52000000,0.00098000,42.13952960,1704327303130,False
27297326,43000.00000000,0.00029000,12.47000000,1704327303130,False
27297327,43000.00000000,0.00023000,9.89000000,1704327303130,False
27297328,43000.00000000,0.00591000,254.13000000,1704327303130,False
27297329,43000.00000000,0.00700000,301.00000000,1704327303130,False
27297330,43000.00000000,0.00250000,107.50000000,1704327303130,False
27297331,43000.00000000,0.00308000,132.44000000,1704327303130,False
27297332,43000.00000000,0.57994000,24937.42000000,1704327303130,False
27297333,42957.34000000,0.00114000,48.97136760,1704327303810,True
27297334,42957.34000000,0.00009000,3.86616060,1704327304941,True
27297335,42977.03000000,0.00072000,30.94346160,1704327305617,False
27297336,42931.06000000,0.00586000,251.57601160,1704327305928,True
27297337,42931.06000000,0.00698000,299.65879880,1704327305928,True
27297338,42931.06000000,0.00150000,64.39659000,1704327305928,True
27297339,42931.06000000,0.00008000,3.43448480,1704327305928,True
27297340,42931.05000000,0.00092000,39.49656600,1704327305928,True
27297341,42931.03000000,0.00003000,1.28793090,1704327305928,True
27297342,42939.93000000,0.00084000,36.06954120,1704327311505,True
27297343,42940.42000000,0.00010000,4.29404200,1704327316347,True
27297344,42944.20000000,0.00045000,19.32489000,1704327328279,True
27297345,42967.08000000,0.00023000,9.88242840,1704327332701,False
27297346,42944.28000000,0.00010000,4.29442800,1704327345304,True
27297347,42944.37000000,0.00599000,257.23677630,1704327353050,True
27297348,42967.00000000,0.00072000,30.93624000,1704327353613,False
27297349,42944.37000000,0.00010000,4.29443700,1704327360105,True
27297350,42966.96000000,0.00703000,302.05772880,1704327377496,False
27297351,42966.96000000,0.00014000,6.01537440,1704327377496,False
27297352,42967.08000000,0.00049000,21.05386920,1704327377920,False
27297353,42967.20000000,0.00004000,1.71868800,1704327377920,False
27297354,42969.10000000,0.00020000,8.59382000,1704327377920,False
27297355,42971.18000000,0.00019000,8.16452420,1704327377920,False
27297356,42973.38000000,0.00041000,17.61908580,1704327378207,False
27297357,42975.72000000,0.00080000,34.38057600,1704327378207,False
27297358,42977.01000000,0.00003000,1.28931030,1704327378207,False
27297359,42977.01000000,0.00009000,3.86793090,1704327390913,True
27297360,42959.54000000,0.00247000,106.11006380,1704327400311,True
27297361,42959.54000000,0.00021000,9.02150340,1704327404405,True
27297362,42959.55000000,0.00585000,251.31336750,1704327413193,True
27297363,42959.55000000,0.00033000,14.17665150,1704327413193,True
27297364,42959.54000000,0.00277000,118.99792580,1704327413193,True
27297365,42959.54000000,0.00009000,3.86635860,1704327413193,True
27297366,42959.52000000,0.00096000,41.24113920,1704327413193,True
27297367,42959.51000000,0.00605000,259.90503550,1704327414993,True
27297368,42959.36000000,0.00395000,169.68947200,1704327414993,True
27297369,42959.35000000,0.00671000,288.25723850,1704327416018,True
27297370,42953.00000000,0.00698000,299.81194000,1704327417411,True
27297371,42950.38000000,0.00800000,343.60304000,1704327418482,True
27297372,42950.37000000,0.00200000,85.90074000,1704327418482,True
27297373,42950.38000000,0.00800000,343.60304000,1704327420263,True
27297374,42950.37000000,0.00200000,85.90074000,1704327420263,True
27297375,42950.38000000,0.00800000,343.60304000,1704327421369,True
27297376,42950.37000000,0.00200000,85.90074000,1704327421369,True
27297377,42950.38000000,0.00800000,343.60304000,1704327422387,True
27297378,42950.37000000,0.00200000,85.90074000,1704327422387,True
27297379,42950.40000000,0.00018000,7.73107200,1704327431349,True
27297380,42950.40000000,0.00173000,74.30419200,1704327435743,True
27297381,42978.87000000,0.00201000,86.38752870,1704327441605,False
27297382,42978.75000000,0.00042000,18.05107500,1704327481966,False
27297383,42952.51000000,0.00005000,2.14762550,1704327503452,True
27297384,42978.66000000,0.00017000,7.30637220,1704327516113,False
27297385,42955.76000000,0.00004000,1.71823040,1704327516145,True
27297386,42955.75000000,0.00094000,40.37840500,1704327516424,True
27297387,42955.75000000,0.03964000,1702.76593000,1704327516633,True
27297388,42978.65000000,0.00072000,30.94462800,1704327516686,False
27297389,42955.75000000,0.01244000,534.36953000,1704327517630,True
27297390,42955.75000000,0.00009000,3.86601750,1704327520313,True
27297391,42955.75000000,0.00009000,3.86601750,1704327532978,True
27297392,42952.48000000,0.00592000,254.27868160,1704327537228,True
27297393,42952.25000000,0.00408000,175.24518000,1704327537228,True
27297394,42952.25000000,0.00330000,141.74242500,1704327538424,True
27297395,42944.38000000,0.00800000,343.55504000,1704327541651,True
27297396,42944.37000000,0.00200000,85.88874000,1704327541651,True
27297397,42944.38000000,0.00050000,21.47219000,1704327542888,True
27297398,42944.37000000,0.00950000,407.97151500,1704327542888,True
27297399,42944.37000000,0.03620000,1554.58619400,1704327544182,True
27297400,42944.35000000,0.01491000,640.30025850,1704327544182,True
27297401,42944.35000000,0.00116000,49.81544600,1704327546126,True
27297402,42944.35000000,0.00018000,7.72998300,1704327546395,True
27297403,42944.35000000,0.00844000,362.45031400,1704327552821,True
27297404,42931.03000000,0.00003000,1.28793090,1704327574289,True
27297405,42959.96000000,0.00121000,51.98155160,1704327574725,False
27297406,42924.62000000,0.00046000,19.74532520,1704327581880,True
27297407,42924.63000000,0.00100000,42.92463000,1704327594863,True
27297408,42924.62000000,0.00003000,1.28773860,1704327594863,True
27297409,42924.62000000,0.00127000,54.51426740,1704327594863,True
27297410,42958.76000000,0.00072000,30.93030720,1704327595612,False
27297411,42916.68000000,0.01021000,438.17930280,1704327603922,True
27297412,42958.50000000,0.00004000,1.71834000,1704327608071,False
27297413,42958.26000000,0.00009000,3.86624340,1704327619737,False
27297414,42958.23000000,0.02421000,1040.01874830,1704327621125,False
27297415,42958.08000000,0.00009000,3.86622720,1704327632271,False
27297416,42958.03000000,0.00023000,9.88034690,1704327637408,False
27297417,42916.67000000,0.00029000,12.44583430,1704327642062,True
27297418,42900.00000000,0.00507000,217.50300000,1704327654333,True
27297419,42900.00000000,0.00023000,9.86700000,1704327654333,True
27297420,42887.28000000,0.00045000,19.29927600,1704327657401,True
27297421,42885.06000000,0.00003000,1.28655180,1704327657401,True
27297422,42880.06000000,0.00050000,21.44003000,1704327657401,True
27297423,42880.05000000,0.00138000,59.17446900,1704327657401,True
27297424,42873.87000000,0.00018000,7.71729660,1704327661368,True
27297425,42869.37000000,0.00565000,242.21194050,1704327668046,True
27297426,42869.35000000,0.00049000,21.00598150,1704327668046,True
27297427,42864.24000000,0.01239000,531.08793360,1704327668546,True
27297428,42864.24000000,0.02984000,1279.06892160,1704327668711,True
27297429,42864.23000000,0.00007000,3.00049610,1704327669813,True
27297430,42893.71000000,0.00003000,1.28681130,1704327689938,False
27297431,42893.58000000,0.00800000,343.14864000,1704327695730,False
27297432,42893.58000000,0.00699000,299.82612420,1704327695730,False
27297433,42893.59000000,0.01291000,553.75624690,1704327695730,False
27297434,42893.56000000,0.00010000,4.28935600,1704327720117,False
27297435,42850.27000000,0.00012000,5.14203240,1704327721888,True
27297436,42850.28000000,0.00012000,5.14203360,1704327722817,True
27297437,42893.51000000,0.00072000,30.88332720,1704327723735,False
27297438,42850.38000000,0.01050000,449.92899000,1704327733626,True
27297439,42850.28000000,0.00800000,342.80224000,1704327733626,True
27297440,42850.27000000,0.00028000,11.99807560,1704327733626,True
27297441,42850.27000000,0.00002000,0.85700540,1704327733626,True
27297442,42850.27000000,0.00469000,200.96776630,1704327773473,True
27297443,42847.01000000,0.00391000,167.53180910,1704327775301,True
27297444,42847.00000000,0.00609000,260.93823000,1704327775301,True
27297445,42847.00000000,0.00091000,38.99077000,1704327776362,True
27297446,42839.08000000,0.00003000,1.28517240,1704327777672,True
27297447,42837.86000000,0.00081000,34.69866660,1704327778953,True
27297448,42878.48000000,0.00010000,4.28784800,1704327780131,False
27297449,42878.45000000,0.00051000,21.86800950,1704327781129,False
27297450,42833.33000000,0.00029000,12.42166570,1704327783455,True
27297451,42870.44000000,0.00021000,9.00279240,1704327783509,False
27297452,42829.73000000,0.00008000,3.42637840,1704327785043,True
27297453,42824.02000000,0.00200000,85.64804000,1704327785043,True
27297454,42850.07000000,0.00072000,30.85205040,1704327785675,False
27297455,42824.02000000,0.00078000,33.40273560,1704327786252,True
27297456,42833.33000000,0.00078000,33.40999740,1704327786606,True
27297457,42833.33000000,0.00078000,33.40999740,1704327786612,True
27297458,42833.33000000,0.00360000,154.19998800,1704327787501,True
27297459,42830.94000000,0.02662000,1140.15962280,1704327791480,False
27297460,42830.94000000,0.00138000,59.10669720,1704327791480,False
27297461,42824.02000000,0.00018000,7.70832360,1704327794025,True
27297462,42824.02000000,0.00003000,1.28472060,1704327794025,True
27297463,42830.94000000,0.00957000,409.89209580,1704327794272,False
27297464,42830.94000000,0.00700000,299.81658000,1704327794760,False
27297465,42832.75000000,0.04202000,1799.83215500,1704327794760,False
27297466,42824.02000000,0.00299000,128.04381980,1704327795633,True
27297467,42824.02000000,0.00700000,299.76814000,1704327795633,True
27297468,42828.38000000,0.00010000,4.28283800,1704327796549,False
27297469,42828.38000000,0.00019000,8.13739220,1704327796549,False
27297470,42828.38000000,0.01205000,516.08197900,1704327797402,False
27297471,42828.38000000,0.00700000,299.79866000,1704327797402,False
27297472,42832.72000000,0.00800000,342.66176000,1704327797402,False
27297473,42835.47000000,0.02394000,1025.48115180,1704327797402,False
27297474,42835.46000000,0.00078000,33.41165880,1704327798652,False
27297475,42835.47000000,0.00042000,17.99089740,1704327803800,False
27297476,42835.47000000,0.00042000,17.99089740,1704327803946,False
27297477,42835.47000000,0.00021000,8.99544870,1704327804199,False
27297478,42835.46000000,0.00011000,4.71190060,1704327813373,False
27297479,42835.45000000,0.00012000,5.14025400,1704327815633,False
27297480,42835.47000000,0.00301000,128.93476470,1704327823114,False
27297481,42837.86000000,0.00081000,34.69866660,1704327824363,False
27297482,42860.71000000,0.00009000,3.85746390,1704327840117,False
27297483,42818.90000000,0.00800000,342.55120000,1704327841256,True
27297484,42818.90000000,0.00100000,42.81890000,1704327841256,True
27297485,42860.67000000,0.00072000,30.85968240,1704327841779,False
27297486,42860.58000000,0.00040000,17.14423200,1704327846051,False
27297487,42818.92000000,0.00078000,33.39875760,1704327847622,True
27297488,42860.48000000,0.00003000,1.28581440,1704327850000,False
27297489,42860.44000000,0.00005000,2.14302200,1704327850981,False
27297490,42818.92000000,0.00210000,89.91973200,1704327852636,True
27297491,42818.92000000,0.00489000,209.38451880,1704327855470,True
27297492,42818.89000000,0.00511000,218.80452790,1704327855470,True
27297493,42818.89000000,0.00089000,38.10881210,1704327857014,True
27297494,42818.89000000,0.00600000,256.91334000,1704327857014,True
27297495,42818.24000000,0.00045000,19.26820800,1704327857014,True
27297496,42815.97000000,0.00250000,107.03992500,1704327858163,True
27297497,42815.96000000,0.00750000,321.11970000,1704327858163,True
27297498,42818.89000000,0.02677000,1146.26168530,1704327862327,True
27297499,42815.96000000,0.01359000,581.86889640,1704327867046,True
27297500,42821.03000000,0.02670000,1143.32150100,1704327873879,False
27297501,42829.56000000,0.00700000,299.80692000,1704327873879,False
27297502,42841.54000000,0.00421000,180.36288340,1704327875962,False
27297503,42841.54000000,0.00078000,33.41640120,1704327876754,False
27297504,42841.48000000,0.00029000,12.42402920,1704327907137,False
27297505,42815.94000000,0.00078000,33.39643320,1704327908758,True
27297506,42841.43000000,0.00030000,12.85242900,1704327909817,False
27297507,42841.26000000,0.00700000,299.88882000,1704327918632,False
27297508,42841.30000000,0.00157000,67.26084100,1704327918632,False
27297509,42854.87000000,0.00072000,30.85550640,1704327933749,False
27297510,42856.65000000,0.00208000,89.14183200,1704327933749,False
27297511,42856.63000000,0.00042000,17.99978460,1704327961488,False
27297512,42856.63000000,0.00072000,30.85677360,1704327962804,False
27297513,42856.63000000,0.00078000,33.42817140,1704327963384,False
27297514,42856.63000000,0.00800000,342.85304000,1704327965330,False
27297515,42856.64000000,0.11200000,4799.94368000,1704327965330,False
27297516,42856.63000000,0.00260000,111.42723800,1704327967034,False
27297517,42827.33000000,0.00014000,5.99582620,1704327972457,True
27297518,42856.63000000,0.00209000,89.57035670,1704327972703,False
27297519,42827.37000000,0.00078000,33.40534860,1704327974253,True
27297520,42863.31000000,0.00072000,30.86158320,1704328045524,False
27297521,42869.31000000,0.00072000,30.86590320,1704328047231,False
27297522,42876.12000000,0.00006000,2.57256720,1704328047231,False
27297523,42840.42000000,0.00003000,1.28521260,1704328049663,True
27297524,42876.12000000,0.00072000,30.87080640,1704328050716,False
27297525,42884.30000000,0.00003000,1.28652900,1704328068700,False
27297526,42837.76000000,0.00021000,8.99592960,1704328073911,True
27297527,42877.36000000,0.00072000,30.87169920,1704328084109,False
27297528,42877.36000000,0.00009000,3.85896240,1704328085422,True
27297529,42873.75000000,0.00009000,3.85863750,1704328098045,False
27297530,42873.75000000,0.00063000,27.01046250,1704328109925,False
27297531,42880.09000000,0.00004000,1.71520360,1704328111220,False
27297532,42857.29000000,0.00014000,6.00002060,1704328121431,True
27297533,42884.30000000,0.00027000,11.57876100,1704328122666,False
27297534,42885.06000000,0.00003000,1.28655180,1704328122666,False
27297535,42887.28000000,0.00042000,18.01265760,1704328122666,False
27297536,42857.81000000,0.00042000,18.00028020,1704328144737,True
27297537,42887.28000000,0.00003000,1.28661840,1704328165308,False
27297538,42895.84000000,0.00072000,30.88500480,1704328165674,False
27297539,42895.84000000,0.00035000,15.01354400,1704328167538,False
27297540,42895.84000000,0.00177000,75.92563680,1704328167538,False
27297541,42895.84000000,0.00800000,343.16672000,1704328173559,False
27297542,42895.85000000,0.00200000,85.79170000,1704328173559,False
27297543,42895.84000000,0.00800000,343.16672000,1704328174598,False
27297544,42895.85000000,0.00200000,85.79170000,1704328174598,False
27297545,42895.84000000,0.00500000,214.47920000,1704328175604,False
27297546,42895.85000000,0.00500000,214.47925000,1704328175604,False
27297547,42895.85000000,0.01890000,810.73156500,1704328176778,False
27297548,42899.99000000,0.00021000,9.00899790,1704328189201,False
27297549,42899.99000000,0.00009000,3.86099910,1704328195848,False
27297550,42899.99000000,0.00012000,5.14799880,1704328201850,False
27297551,42899.99000000,0.00012000,5.14799880,1704328202047,False
27297552,42899.99000000,0.00009000,3.86099910,1704328205229,False
27297553,42903.00000000,0.00700000,300.32100000,1704328205229,False
27297554,42903.40000000,0.00040000,17.16136000,1704328205229,False
27297555,42904.72000000,0.00004000,1.71618880,1704328205229,False
27297556,42912.72000000,0.00004000,1.71650880,1704328205229,False
27297557,42913.96000000,0.00043000,18.45300280,1704328205229,False
27297558,42913.95000000,0.00009000,3.86225550,1704328208226,False
27297559,42870.05000000,0.00350000,150.04517500,1704328211646,True
27297560,42904.72000000,0.00004000,1.71618880,1704328211877,False
27297561,42906.72000000,0.00004000,1.71626880,1704328211877,False
27297562,42913.95000000,0.02782000,1193.86608900,1704328211885,True
27297563,42913.76000000,0.00009000,3.86223840,1704328221026,False
27297564,42906.06000000,0.00072000,30.89236320,1704328227405,False
27297565,42913.95000000,0.00341000,146.33656950,1704328227405,False
27297566,42913.96000000,0.04247000,1822.55588120,1704328227405,False
27297567,42872.04000000,0.00011000,4.71592440,1704328236434,True
27297568,42913.91000000,0.00072000,30.89801520,1704328237653,False
27297569,42916.10000000,0.01996000,856.60535600,1704328245848,False
27297570,42908.05000000,0.00072000,30.89379600,1704328247239,False
27297571,42893.71000000,0.00021000,9.00767910,1704328249985,True
27297572,42887.44000000,0.00003000,1.28662320,1704328254811,True
27297573,42916.10000000,0.00072000,30.89959200,1704328259983,False
27297574,42916.09000000,0.00021000,9.01237890,1704328264286,False
27297575,42916.09000000,0.00078000,33.47455020,1704328265268,False
27297576,42916.10000000,0.00722000,309.85424200,1704328279836,False
27297577,42916.67000000,0.00029000,12.44583430,1704328281061,False
27297578,42921.30000000,0.00051000,21.88986300,1704328282537,False
27297579,42923.73000000,0.00072000,30.90508560,1704328282537,False
27297580,42924.62000000,0.00049000,21.03306380,1704328282537,False
27297581,42907.74000000,0.00009000,3.86169660,1704328309777,False
27297582,42907.72000000,0.00072000,30.89355840,1704328310739,False
27297583,42869.37000000,0.00048000,20.57729760,1704328313418,True
27297584,42869.36000000,0.01251000,536.29569360,1704328313418,True
27297585,42869.36000000,0.00800000,342.95488000,1704328313418,True
27297586,42869.35000000,0.00049000,21.00598150,1704328313418,True
27297587,42869.35000000,0.01342000,575.30667700,1704328313418,True
27297588,42869.36000000,0.00021000,9.00256560,1704328313922,True
27297589,42860.15000000,0.00075000,32.14511250,1704328317954,True
27297590,42860.17000000,0.00500000,214.30085000,1704328321177,True
27297591,42860.17000000,0.00699000,299.59258830,1704328321228,True
27297592,42860.17000000,0.00800000,342.88136000,1704328321228,True
27297593,42860.16000000,0.00001000,0.42860160,1704328321228,True
27297594,42867.42000000,0.00009000,3.85806780,1704328351446,True
27297595,42906.41000000,0.00005000,2.14532050,1704328368876,False
27297596,42906.27000000,0.00010000,4.29062700,1704328373552,False
27297597,42906.28000000,0.02780000,1192.79458400,1704328373552,False
27297598,42906.24000000,0.00072000,30.89249280,1704328374729,False
27297599,42850.09000000,0.00012000,5.14201080,1704328381447,True
27297600,42850.09000000,0.00460000,197.11041400,1704328381604,True
27297601,42850.09000000,0.00012000,5.14201080,1704328381869,True
27297602,42854.67000000,0.00110000,47.14013700,1704328420913,True
27297603,42900.40000000,0.00020000,8.58008000,1704328432854,False
27297604,42900.38000000,0.00009000,3.86103420,1704328434186,False
27297605,42886.05000000,0.00800000,343.08840000,1704328436985,False
27297606,42886.05000000,0.00699000,299.77348950,1704328436985,False
27297607,42886.08000000,0.00072000,30.87797760,1704328436985,False
27297608,42886.08000000,0.01219000,522.78131520,1704328436985,False
27297609,42847.02000000,0.00009000,3.85623180,1704328466452,True
27297610,42885.52000000,0.00020000,8.57710400,1704328468127,False
27297611,42885.29000000,0.00020000,8.57705800,1704328497653,False
27297612,42885.09000000,0.00392000,168.10955280,1704328570150,False
27297613,42902.52000000,0.00800000,343.22016000,1704328577080,False
27297614,42902.52000000,0.00139000,59.63450280,1704328577080,False
27297615,42902.52000000,0.00560000,240.25411200,1704328602258,False
27297616,42902.52000000,0.00700000,300.31764000,1704328602258,False
27297617,42902.53000000,0.00087000,37.32520110,1704328602258,False
27297618,42902.53000000,0.00072000,30.88982160,1704328602765,False
27297619,42902.53000000,0.02631000,1128.76556430,1704328603002,False
27297620,42908.56000000,0.00012000,5.14902720,1704328603965,False
27297621,42908.56000000,0.00012000,5.14902720,1704328604032,False
27297622,42908.56000000,0.02766000,1186.85076960,1704328605348,False
27297623,42921.15000000,0.00011000,4.72132650,1704328607422,False
27297624,42924.62000000,0.00049000,21.03306380,1704328608423,False
27297625,42931.03000000,0.00003000,1.28793090,1704328609498,False
27297626,42907.32000000,0.00015000,6.43609800,1704328610630,True
27297627,42913.20000000,0.00939000,402.95494800,1704328611840,True
27297628,42937.77000000,0.00072000,30.91519440,1704328612276,False
27297629,42955.00000000,0.00507000,217.78185000,1704328612802,False
27297630,42956.32000000,0.00045000,19.33034400,1704328613073,False
27297631,42960.67000000,0.00072000,30.93168240,1704328613073,False
27297632,42963.93000000,0.00383000,164.55185190,1704328613073,False
27297633,42963.93000000,0.00072000,30.93402960,1704328613782,False
27297634,42960.67000000,0.00500000,214.80335000,1704328615982,False
27297635,42960.67000000,0.00500000,214.80335000,1704328618884,False
27297636,42955.00000000,0.00513000,220.35915000,1704328619421,True
27297637,42943.35000000,0.00072000,30.91921200,1704328619962,False
27297638,42933.61000000,0.00020000,8.58672200,1704328620126,True
27297639,42960.67000000,0.00056000,24.05797520,1704328621813,False
27297640,42960.67000000,0.00444000,190.74537480,1704328621813,False
27297641,42960.66000000,0.00041000,17.61387060,1704328623937,False
27297642,42953.90000000,0.01102000,473.35197800,1704328628321,True
27297643,42953.90000000,0.01221000,524.46711900,1704328629746,True
27297644,42953.90000000,0.01191000,511.58094900,1704328629746,True
27297645,42953.89000000,0.01894000,813.54667660,1704328629746,True
27297646,42960.67000000,0.00072000,30.93168240,1704328630930,False
27297647,42953.89000000,0.00761000,326.87910290,1704328630947,True
27297648,42953.89000000,0.00009000,3.86585010,1704328654780,True
27297649,42951.15000000,0.00009000,3.86560350,1704328667163,False
27297650,42951.15000000,0.00009000,3.86560350,1704328680449,True
27297651,42912.68000000,0.00027000,11.58642360,1704328696488,True
27297652,42937.22000000,0.00021000,9.01681620,1704328716148,False
27297653,42935.05000000,0.00040000,17.17402000,1704328743883,False
27297654,42900.00000000,0.00004000,1.71600000,1704328747398,True
27297655,42900.00000000,0.00021000,9.00900000,1704328750427,True
27297656,42900.18000000,0.00022000,9.43803960,1704328774615,True
27297657,42934.03000000,0.00690000,296.24480700,1704328849058,False
27297658,42900.18000000,0.00103000,44.18718540,1704328850635,True
27297659,42900.18000000,0.00698000,299.44325640,1704328850635,True
27297660,42900.00000000,0.00199000,85.37100000,1704328850635,True
27297661,42930.25000000,0.00021000,9.01535250,1704328851476,False
27297662,42900.00000000,0.00285000,122.26500000,1704328851874,True
27297663,42887.28000000,0.00045000,19.29927600,1704328852186,True
27297664,42885.06000000,0.00003000,1.28655180,1704328852834,True
27297665,42887.28000000,0.00010000,4.28872800,1704328860105,False
27297666,42887.28000000,0.00966000,414.29112480,1704328883178,False
27297667,42869.77000000,0.00021000,9.00265170,1704328887411,True
27297668,42914.02000000,0.00938000,402.53350760,1704328917157,False
27297669,42914.01000000,0.00699000,299.96892990,1704328945767,False
27297670,42914.02000000,0.01911000,820.08692220,1704328945767,False
27297671,42913.95000000,0.00004000,1.71655800,1704328963538,False
27297672,42870.07000000,0.00012000,5.14440840,1704329041668,True
27297673,42870.07000000,0.00012000,5.14440840,1704329042015,True
27297674,42912.23000000,0.00072000,30.89680560,1704329042841,False
27297675,42870.27000000,0.00750000,321.52702500,1704329056803,True
27297676,42869.35000000,0.00049000,21.00598150,1704329074253,True
27297677,42898.86000000,0.00006000,2.57393160,1704329112144,False
27297678,42898.86000000,0.00021000,9.00876060,1704329113962,False
27297679,42859.92000000,0.00021000,9.00058320,1704329124431,True
27297680,42898.69000000,0.00021000,9.00872490,1704329126029,False
27297681,42898.70000000,0.00209000,89.65828300,1704329126029,False
27297682,42898.69000000,0.00230000,98.66698700,1704329126598,False
27297683,42898.68000000,0.00230000,98.66696400,1704329128418,False
27297684,42898.68000000,0.00191000,81.93647880,1704329128582,False
27297685,42898.68000000,0.00038000,16.30149840,1704329128596,False
27297686,42898.68000000,0.00078000,33.46097040,1704329129072,False
27297687,42898.68000000,0.00152000,65.20599360,1704329129086,False
27297688,42898.68000000,0.00010000,4.28986800,1704329129819,False
27297689,42898.69000000,0.00219000,93.94813110,1704329129819,False
27297690,42898.69000000,0.00229000,98.23800010,1704329130139,False
27297691,42898.67000000,0.00229000,98.23795430,1704329130699,False
27297692,42897.91000000,0.00063000,27.02568330,1704329177232,False
27297693,42863.89000000,0.00928000,397.77689920,1704329228032,True
27297694,42896.67000000,0.04425000,1898.17764750,1704329263024,False
27297695,42896.66000000,0.00009000,3.86069940,1704329263689,False
27297696,42863.89000000,0.01426000,611.23907140,1704329267476,True
27297697,42850.95000000,0.00008000,3.42807600,1704329269399,True
27297698,42850.99000000,0.00009000,3.85658910,1704329271554,True
27297699,42847.09000000,0.00721000,308.92751890,1704329285659,True
27297700,42847.01000000,0.00279000,119.54315790,1704329285659,True
27297701,42849.58000000,0.01102000,472.20237160,1704329315995,False
27297702,42848.30000000,0.02655000,1137.62236500,1704329317485,False
27297703,42848.30000000,0.01221000,523.17774300,1704329317485,False
27297704,42867.50000000,0.00182000,78.01885000,1704329344451,False
27297705,42867.50000000,0.00117000,50.15497500,1704329349154,False
27297706,42867.50000000,0.00021000,9.00217500,1704329354209,False
27297707,42867.50000000,0.00025000,10.71687500,1704329362146,False
27297708,42847.00000000,0.00700000,299.92900000,1704329384032,True
27297709,42847.00000000,0.00061000,26.13667000,1704329384032,True
27297710,42839.08000000,0.00003000,1.28517240,1704329385894,True
27297711,42833.33000000,0.00018000,7.70999940,1704329385894,True
27297712,42847.00000000,0.02800000,1199.71600000,1704329386664,True
27297713,42867.41000000,0.00072000,30.86453520,1704329386866,False
27297714,42849.12000000,0.00003000,1.28547360,1704329396294,False
27297715,42849.13000000,0.00018000,7.71284340,1704329396294,False
27297716,42849.13000000,0.00072000,30.85137360,1704329396722,False
27297717,42849.13000000,0.00009000,3.85642170,1704329400188,False
27297718,42849.13000000,0.00263000,112.69321190,1704329401834,False
27297719,42849.13000000,0.00356000,152.54290280,1704329402108,False
27297720,42849.13000000,0.00250000,107.12282500,1704329402108,False
27297721,42849.14000000,0.02800000,1199.77592000,1704329402108,False
27297722,42867.47000000,0.02717000,1164.70915990,1704329402108,False
27297723,42833.33000000,0.00011000,4.71166630,1704329427316,True
27297724,42818.63000000,0.00800000,342.54904000,1704329444038,True
27297725,42818.62000000,0.07341000,3143.31489420,1704329444038,True
27297726,42818.54000000,0.04000000,1712.74160000,1704329444038,True
27297727,42818.24000000,0.00045000,19.26820800,1704329444038,True
27297728,42818.24000000,0.00075000,32.11368000,1704329444038,True
27297729,42817.60000000,0.26618000,11397.18876800,1704329444038,True
27297730,42817.40000000,0.05099000,2183.25922600,1704329444038,True
27297731,42815.90000000,1.10234000,47197.67920600,1704329444038,True
27297732,42865.23000000,0.00800000,342.92184000,1704329454510,False
27297733,42865.23000000,0.03700000,1586.01351000,1704329454510,False
27297734,42857.28000000,0.00075000,32.14296000,1704329456659,False
27297735,42857.28000000,0.02715000,1163.57515200,1704329456659,False
27297736,42863.31000000,0.00072000,30.86158320,1704329461891,False
27297737,42865.49000000,0.00240000,102.87717600,1704329461891,False
27297738,42818.92000000,0.03086000,1321.39187120,1704329462762,True
27297739,42818.91000000,0.03700000,1584.29967000,1704329462762,True
27297740,42818.91000000,0.00144000,61.65923040,1704329462762,True
27297741,42818.91000000,0.01045000,447.45760950,1704329462762,True
27297742,42818.90000000,0.36003000,15416.08856700,1704329462762,True
27297743,42865.46000000,0.02224000,953.32783040,1704329464193,False
27297744,42865.44000000,0.03101000,1329.25729440,1704329465257,False
27297745,42826.39000000,0.00021000,8.99354190,1704329466001,True
27297746,42867.36000000,0.01725000,739.46196000,1704329466237,False
27297747,42867.36000000,0.00009000,3.85806240,1704329467414,False
27297748,42867.37000000,0.02790000,1195.99962300,1704329467734,False
27297749,42868.09000000,0.00004000,1.71472360,1704329469052,False
27297750,42870.09000000,0.00004000,1.71480360,1704329470741,False
27297751,42876.32000000,0.00699000,299.70547680,1704329473472,False
27297752,42876.99000000,0.00072000,30.87143280,1704329474490,False
27297753,42885.06000000,0.00003000,1.28655180,1704329474986,False
27297754,42887.28000000,0.00045000,19.29927600,1704329474986,False
27297755,42903.00000000,0.00024000,10.29672000,1704329474986,False
27297756,42856.41000000,0.00072000,30.85661520,1704329475081,True
27297757,42902.97000000,0.00359000,154.02166230,1704329475781,False
27297758,42902.97000000,0.00072000,30.89013840,1704329475782,False
27297759,42902.87000000,0.00009000,3.86125830,1704329479643,False
27297760,42868.09000000,0.00004000,1.71472360,1704329480760,False
27297761,42878.09000000,0.00004000,1.71512360,1704329484221,False
27297762,42882.09000000,0.04191000,1797.18839190,1704329485449,True
27297763,42869.31000000,0.00699000,299.65647690,1704329488449,True
27297764,42869.31000000,0.00034000,14.57556540,1704329488449,True
27297765,42869.31000000,0.00037000,15.86164470,1704329489404,True
27297766,42869.31000000,0.00009000,3.85823790,1704329492104,True
27297767,42870.09000000,0.00004000,1.71480360,1704329492408,False
27297768,42892.36000000,0.00017000,7.29170120,1704329492408,False
27297769,42892.40000000,0.00008000,3.43139200,1704329499538,False
27297770,42859.22000000,0.00007000,3.00014540,1704329501571,True
27297771,42875.44000000,0.00072000,30.87031680,1704329562363,False
27297772,42863.89000000,0.00160000,68.58222400,1704329565712,True
27297773,42875.22000000,0.00015000,6.43128300,1704329568580,False
27297774,42875.09000000,0.00009000,3.85875810,1704329574889,False
27297775,42874.44000000,0.00009000,3.85869960,1704329587303,False
27297776,42839.08000000,0.00003000,1.28517240,1704329594281,True
27297777,42839.08000000,0.01169000,500.78884520,1704329594281,True
27297778,42864.79000000,0.00027000,11.57349330,1704329598466,False
27297779,42864.76000000,0.00009000,3.85782840,1704329599999,False
27297780,42864.58000000,0.00349000,149.59738420,1704329606278,False
27297781,42818.61000000,0.00027000,11.56102470,1704329616607,True
27297782,42862.87000000,0.00004000,1.71451480,1704329641201,False
27297783,42862.85000000,0.02790000,1195.87351500,1704329643583,False
27297784,42819.91000000,0.00116000,49.67109560,1704329685553,True
27297785,42862.59000000,0.00050000,21.43129500,1704329699413,False
27297786,42862.60000000,0.00950000,407.19470000,1704329699413,False
27297787,42865.01000000,0.02790000,1195.93377900,1704329700380,False
27297788,42865.01000000,0.00009000,3.85785090,1704329709138,True
27297789,42865.66000000,0.00005000,2.14328300,1704329714668,False
27297790,42864.93000000,0.04221000,1809.32869530,1704329720941,False
27297791,42864.94000000,0.00211000,90.44502340,1704329720941,False
27297792,42864.93000000,0.00009000,3.85784370,1704329722273,False
27297793,42821.11000000,0.00018000,7.70779980,1704329731606,True
27297794,42865.01000000,0.00016000,6.85840160,1704329746857,False
27297795,42885.05000000,0.00072000,30.87723600,1704329747872,False
27297796,42885.05000000,0.01805000,774.07515250,1704329748339,False
27297797,42885.03000000,0.01829000,784.36719870,1704329749841,False
27297798,42837.13000000,0.00021000,8.99579730,1704329750922,True
27297799,42885.00000000,0.01907000,817.81695000,1704329751984,False
27297800,42884.99000000,0.00699000,299.76608010,1704329752985,False
27297801,42885.06000000,0.00003000,1.28655180,1704329752985,False
27297802,42847.99000000,0.00605000,259.23033950,1704329754502,True
27297803,42873.12000000,0.00072000,30.86864640,1704329755058,False
27297804,42892.40000000,0.01089000,467.09823600,1704329756738,False
27297805,42892.41000000,0.00072000,30.88253520,1704329756738,False
27297806,42895.22000000,0.00072000,30.88455840,1704329758937,False
27297807,42903.00000000,0.00012000,5.14836000,1704329762394,False
27297808,42903.00000000,0.00012000,5.14836000,1704329762513,False
27297809,42903.00000000,0.00021000,9.00963000,1704329765722,False
27297810,42903.00000000,0.00072000,30.89016000,1704329766829,False
27297811,42903.00000000,0.00007000,3.00321000,1704329769916,False
27297812,42903.00000000,0.00072000,30.89016000,1704329776144,False
27297813,42903.00000000,0.00480000,205.93440000,1704329790870,False
27297814,42904.54000000,0.03369000,1445.45395260,1704329790890,True
27297815,42904.54000000,0.78047000,33485.70633380,1704329791083,True
27297816,42904.54000000,0.48517000,20815.99567180,1704329791470,True
27297817,42904.54000000,0.00009000,3.86140860,1704329804883,True
27297818,42870.50000000,0.00717000,307.38148500,1704329810261,True
27297819,42870.45000000,0.00053000,22.72133850,1704329810471,True
27297820,42870.45000000,0.00009000,3.85834050,1704329817471,True
27297821,42843.57000000,0.00021000,8.99714970,1704329819627,True
27297822,42871.18000000,0.00004000,1.71484720,1704329824164,False
27297823,42871.18000000,0.00004000,1.71484720,1704329833363,True
27297824,42869.96000000,0.00010000,4.28699600,1704329846726,True
27297825,42887.80000000,0.00021000,9.00643800,1704329849701,False
27297826,42887.80000000,0.00678000,290.77928400,1704329853105,False
27297827,42887.84000000,0.02297000,985.13368480,1704329853105,False
27297828,42887.84000000,0.00072000,30.87924480,1704329853776,False
27297829,42867.11000000,0.00004000,1.71468440,1704329868774,True
27297830,42896.55000000,0.00445000,190.88964750,1704329940347,False
27297831,42896.55000000,0.00009000,3.86068950,1704329941601,False
27297832,42896.55000000,0.00009000,3.86068950,1704329954031,False
27297833,42900.50000000,0.00071000,30.45935500,1704329959804,False
27297834,42867.42000000,0.00018000,7.71613560,1704329961660,True
27297835,42867.42000000,0.00263000,112.74131460,1704330002042,False
27297836,42865.53000000,0.00020000,8.57310600,1704330003669,True
27297837,42900.35000000,0.00072000,30.88825200,1704330004745,False
27297838,42900.26000000,0.00009000,3.86102340,1704330034904,False
27297839,42887.18000000,0.00009000,3.85984620,1704330047239,False
27297840,42886.99000000,0.00009000,3.85982910,1704330060135,False
27297841,42847.65000000,0.00222000,95.12178300,1704330071383,True
27297842,42855.70000000,0.00027000,11.57103900,1704330076662,True
27297843,42900.50000000,0.00001000,0.42900500,1704330080290,False
27297844,42901.54000000,0.00045000,19.30569300,1704330080290,False
27297845,42901.54000000,0.00027000,11.58341580,1704330082951,False
27297846,42903.12000000,0.00072000,30.89024640,1704330084540,False
27297847,42905.00000000,0.00200000,85.81000000,1704330085600,False
27297848,42905.36000000,0.00072000,30.89185920,1704330085600,False
27297849,42916.67000000,0.00029000,12.44583430,1704330086648,False
27297850,42924.62000000,0.00049000,21.03306380,1704330089447,False
27297851,42925.97000000,0.00072000,30.90669840,1704330089830,False
27297852,42931.03000000,0.00003000,1.28793090,1704330091798,False
27297853,42925.97000000,0.00095000,40.77967150,1704330092999,False
27297854,42936.79000000,0.00005000,2.14683950,1704330094316,False
27297855,42940.94000000,0.00052000,22.32928880,1704330123700,False
27297856,42941.91000000,0.00009000,3.86477190,1704330123700,False
27297857,42945.66000000,0.00050000,21.47283000,1704330123700,False
27297858,42945.67000000,0.01214000,521.36043380,1704330123700,False
27297859,42945.67000000,0.00023000,9.87750410,1704330123846,False
27297860,42893.38000000,0.00222000,95.22330360,1704330127795,True
27297861,42893.53000000,0.00938000,402.34131140,1704330130375,True
27297862,42894.24000000,0.00800000,343.15392000,1704330152437,True
27297863,42894.23000000,0.03391000,1454.54333930,1704330152437,True
27297864,42934.10000000,0.00938000,402.72185800,1704330155890,False
27297865,42934.10000000,0.01225000,525.94272500,1704330155890,False
27297866,42934.10000000,0.00009000,3.86406900,1704330160850,True
27297867,42900.55000000,0.00003000,1.28701650,1704330168952,True
27297868,42895.77000000,0.00010000,4.28957700,1704330180131,True
27297869,42895.71000000,0.00009000,3.86061390,1704330191667,True
27297870,42896.13000000,0.00013000,5.57649690,1704330203878,True
27297871,42897.11000000,0.00026000,11.15324860,1704330235978,True
27297872,42897.13000000,0.00222000,95.23162860,1704330259119,True
27297873,42897.20000000,0.00021000,9.00841200,1704330261622,True
27297874,42924.28000000,0.00129000,55.37232120,1704330300514,False
27297875,42924.22000000,0.00021000,9.01408620,1704330303082,False
27297876,42895.51000000,0.00021000,9.00805710,1704330313442,True
27297877,42897.22000000,0.00698000,299.42259560,1704330343294,True
27297878,42897.21000000,0.00800000,343.17768000,1704330343470,True
27297879,42897.20000000,0.00200000,85.79440000,1704330343470,True
27297880,42897.21000000,0.00800000,343.17768000,1704330344505,True
27297881,42897.21000000,0.00800000,343.17768000,1704330344775,True
27297882,42897.20000000,0.00200000,85.79440000,1704330344775,True
27297883,42897.21000000,0.00800000,343.17768000,1704330345506,True
27297884,42897.21000000,0.00550000,235.93465500,1704330346506,True
27297885,42897.20000000,0.04427000,1899.05904400,1704330347506,True
27297886,42885.06000000,0.00003000,1.28655180,1704330362653,True
27297887,42906.61000000,0.00021000,9.01038810,1704330396346,False
27297888,42906.59000000,0.00009000,3.86159310,1704330396848,False
27297889,42900.35000000,0.00009000,3.86103150,1704330409140,False
27297890,42869.35000000,0.00049000,21.00598150,1704330409777,True
27297891,42847.00000000,0.00700000,299.92900000,1704330414511,True
27297892,42900.35000000,0.02790000,1196.91976500,1704330414925,True
27297893,42897.76000000,0.00072000,30.88638720,1704330415723,False
27297894,42839.09000000,0.00018000,7.71103620,1704330421692,True
27297895,42839.11000000,0.00012000,5.14069320,1704330423101,True
27297896,42839.11000000,0.00012000,5.14069320,1704330423420,True
27297897,42882.23000000,0.00024000,10.29173520,1704330425051,False
27297898,42882.24000000,0.00048000,20.58347520,1704330425051,False
27297899,42839.24000000,0.00021000,8.99624040,1704330429457,True
27297900,42885.84000000,0.00033000,14.15232720,1704330439565,False
27297901,42839.08000000,0.00003000,1.28517240,1704330449514,True
27297902,42833.33000000,0.00029000,12.42166570,1704330457456,True
27297903,42871.11000000,0.00021000,9.00293310,1704330457812,False
27297904,42871.12000000,0.00051000,21.86427120,1704330457812,False
27297905,42870.54000000,0.00800000,342.96432000,1704330460225,False
27297906,42870.55000000,0.01990000,853.12394500,1704330460225,False
27297907,42870.50000000,0.17692000,7584.64886000,1704330465511,False
27297908,42869.60000000,0.00008000,3.42956800,1704330469116,False
27297909,42869.59000000,0.00021000,9.00261390,1704330469945,False
27297910,42869.15000000,0.00012000,5.14429800,1704330484443,False
27297911,42824.12000000,0.00460000,196.99095200,1704330485995,True
27297912,42821.88000000,0.07133000,3054.48470040,1704330501025,True
27297913,42821.87000000,0.00460000,196.98060200,1704330501942,True
27297914,42818.24000000,0.00045000,19.26820800,1704330501942,True
27297915,42818.24000000,0.00075000,32.11368000,1704330501942,True
27297916,42815.91000000,0.00800000,342.52728000,1704330501942,True
27297917,42815.90000000,0.45273000,19384.04240700,1704330501942,True
27297918,42815.90000000,0.25238000,10805.87684200,1704330501942,True
27297919,42820.65000000,0.00100000,42.82065000,1704330510699,True
27297920,42820.65000000,0.00699000,299.31634350,1704330510699,True
27297921,42820.64000000,1.07184000,45896.87477760,1704330510699,True
27297922,42826.21000000,0.00799000,342.18141790,1704330516200,True
27297923,42826.21000000,0.00742000,317.77047820,1704330516200,True
27297924,42826.20000000,0.26618000,11399.47791600,1704330516200,True
27297925,42820.65000000,0.38721000,16580.58388650,1704330516200,True
27297926,42854.95000000,0.00010000,4.28549500,1704330540105,False
27297927,42815.90000000,0.00117000,50.09460300,1704330540344,True
27297928,42815.89000000,0.00054000,23.12058060,1704330540344,True
27297929,42815.00000000,0.00038000,16.26970000,1704330540344,True
27297930,42853.19000000,0.00035000,14.99861650,1704330552738,False
27297931,42853.02000000,0.00800000,342.82416000,1704330558153,False
27297932,42853.03000000,0.02000000,857.06060000,1704330558153,False
27297933,42852.39000000,0.00072000,30.85372080,1704330564013,False
27297934,42850.39000000,0.00264000,113.12502960,1704330601424,False
27297935,42815.60000000,0.00017000,7.27865200,1704330612479,True
27297936,42850.29000000,0.02307000,988.55619030,1704330618637,False
27297937,42850.29000000,0.02920000,1251.22846800,1704330618754,False
27297938,42850.29000000,0.01484000,635.89830360,1704330619247,False
27297939,42850.31000000,0.00800000,342.80248000,1704330619247,False
27297940,42850.38000000,0.00460000,197.11174800,1704330619247,False
27297941,42850.97000000,0.00072000,30.85269840,1704330619247,False
27297942,42855.33000000,0.02800000,1199.94924000,1704330620176,False
27297943,42869.31000000,0.00072000,30.86590320,1704330620902,False
27297944,42873.26000000,0.02790000,1196.16395400,1704330621399,False
27297945,42885.06000000,0.00003000,1.28655180,1704330621907,False
27297946,42885.06000000,0.00069000,29.59069140,1704330621907,False
27297947,42885.06000000,0.00009000,3.85965540,1704330622992,True
27297948,42885.78000000,0.01681000,720.90996180,1704330625466,False
27297949,42885.75000000,0.01736000,744.49662000,1704330626482,False
27297950,42885.73000000,0.01772000,759.93513560,1704330627484,False
27297951,42885.73000000,0.00009000,3.85971570,1704330639206,True
27297952,42887.28000000,0.00041000,17.58378480,1704330646623,False
27297953,42867.68000000,0.00018000,7.71618240,1704330651715,True
27297954,42867.76000000,0.00021000,9.00222960,1704330654809,True
27297955,42887.28000000,0.00004000,1.71549120,1704330663278,False
27297956,42892.34000000,0.00016000,6.86277440,1704330663278,False
27297957,42847.21000000,0.00012000,5.14166520,1704330704401,True
27297958,42887.33000000,0.00118000,50.60704940,1704330724912,False
27297959,42887.33000000,0.00072000,30.87887760,1704330726074,False
27297960,42887.33000000,0.00021000,9.00633930,1704330726387,False
27297961,42887.32000000,0.00009000,3.85985880,1704330727000,False
27297962,42883.20000000,0.00072000,30.87590400,1704330727983,False
27297963,42888.06000000,0.00004000,1.71552240,1704330729045,False
27297964,42890.06000000,0.00004000,1.71560240,1704330730091,False
27297965,42892.33000000,0.00008000,3.43138640,1704330730091,False
27297966,42892.33000000,0.00792000,339.70725360,1704330730106,False
27297967,42892.34000000,0.00059000,25.30648060,1704330730106,False
27297968,42892.34000000,0.00149000,63.90958660,1704330730106,False
27297969,42892.34000000,0.00012000,5.14708080,1704330730127,False
27297970,42892.33000000,0.00800000,343.13864000,1704330731108,False
27297971,42892.34000000,0.00200000,85.78468000,1704330731108,False
27297972,42892.33000000,0.00800000,343.13864000,1704330732152,False
27297973,42892.34000000,0.00200000,85.78468000,1704330732152,False
27297974,42892.33000000,0.00700000,300.24631000,1704330733183,False
27297975,42892.34000000,0.00300000,128.67702000,1704330733183,False
27297976,42892.34000000,0.00156000,66.91205040,1704330734225,False
27297977,42892.33000000,0.00072000,30.88247760,1704330739059,False
27297978,42892.33000000,0.00009000,3.86030970,1704330739102,False
27297979,42892.32000000,0.00395000,169.42466400,1704330739547,False
27297980,42892.33000000,0.00605000,259.49859650,1704330739547,False
27297981,42888.06000000,0.00004000,1.71552240,1704330740787,False
27297982,42890.06000000,0.00004000,1.71560240,1704330741809,False
27297983,42890.06000000,0.02791000,1197.06157460,1704330755961,True
27297984,42890.06000000,0.00009000,3.86010540,1704330760145,True
27297985,42862.87000000,0.00011000,4.71491570,1704330766834,True
27297986,42862.91000000,0.00017000,7.28669470,1704330769302,True
27297987,42863.21000000,0.00530000,227.17501300,1704330781250,True
27297988,42863.25000000,0.00020000,8.57265000,1704330783448,True
27297989,42863.29000000,0.00021000,9.00129090,1704330786159,True
27297990,42864.60000000,0.00800000,342.91680000,1704330843119,True
27297991,42864.60000000,0.00699000,299.62355400,1704330843119,True
27297992,42864.59000000,0.00653000,279.90577270,1704330843119,True
27297993,42891.43000000,0.00800000,343.13144000,1704330888230,False
27297994,42892.34000000,0.00200000,85.78468000,1704330888230,False
27297995,42892.33000000,0.00600000,257.35398000,1704330889502,False
27297996,42892.34000000,0.00400000,171.56936000,1704330889502,False
27297997,42892.34000000,0.03228000,1384.56473520,1704330890557,False
27297998,42892.34000000,0.03228000,1384.56473520,1704330891559,False
27297999,42892.34000000,0.00021000,9.00739140,1704330891753,False
27298000,42892.34000000,0.02180000,935.05301200,1704330892568,False
27298001,42892.34000000,0.04646000,1992.77811640,1704330893594,False
27298002,42892.29000000,0.00466000,199.87807140,1704330906246,False
27298003,42864.59000000,0.00240000,102.87501600,1704330910894,True
27298004,42885.07000000,0.00006000,2.57310420,1704330919355,False
27298005,42864.59000000,0.01104000,473.22507360,1704330928835,True
27298006,42839.08000000,0.00003000,1.28517240,1704330934911,True
27298007,42857.88000000,0.00699000,299.57658120,1704330949849,False
27298008,42857.89000000,0.01301000,557.58114890,1704330949849,False
27298009,42857.81000000,0.02790000,1195.73289900,1704330955113,False
27298010,42819.11000000,0.00012000,5.13829320,1704330962580,True
27298011,42819.11000000,0.00012000,5.13829320,1704330962811,True
27298012,42857.68000000,0.00020000,8.57153600,1704330963318,False
27298013,42845.92000000,0.00004000,1.71383680,1704330984090,False
27298014,42818.24000000,0.00045000,19.26820800,1704330984279,True
27298015,42818.24000000,0.00075000,32.11368000,1704330984279,True
27298016,42818.24000000,0.02800000,1198.91072000,1704330986410,True
27298017,42815.00000000,0.00010000,4.28150000,1704330987549,True
27298018,42814.07000000,0.00049000,20.97889430,1704330987561,True
27298019,42810.63000000,0.00075000,32.10797250,1704330989318,True
27298020,42810.36000000,0.00071000,30.39535560,1704330989318,True
27298021,42810.00000000,0.00033000,14.12730000,1704330989550,True
27298022,42808.19000000,0.00600000,256.84914000,1704330990408,True
27298023,42808.19000000,0.00600000,256.84914000,1704330990408,True
27298024,42808.19000000,0.00117000,50.08558230,1704330992053,True
27298025,42820.18000000,0.00023000,9.84864140,1704331001341,False
27298026,42820.06000000,0.00010000,4.28200600,1704331020107,False
27298027,42820.06000000,0.00690000,295.45841400,1704331022049,False
27298028,42820.06000000,0.02110000,903.50326600,1704331022757,True
27298029,42802.77000000,0.00972000,416.04292440,1704331037159,True
27298030,42802.54000000,0.00025000,10.70063500,1704331037468,True
27298031,42800.77000000,0.00030000,12.84023100,1704331037511,True
27298032,42800.77000000,0.00075000,32.10057750,1704331037511,True
27298033,42800.00000000,0.00023000,9.84400000,1704331037556,True
27298034,42800.00000000,0.00700000,299.60000000,1704331037556,True
27298035,42799.48000000,0.01558000,666.81589840,1704331037556,True
27298036,42820.30000000,0.00047000,20.12554100,1704331037556,False
27298037,42799.48000000,0.00779000,333.40794920,1704331038532,True
27298038,42797.49000000,0.00600000,256.78494000,1704331038548,True
27298039,42797.49000000,0.00600000,256.78494000,1704331038548,True
27298040,42794.00000000,0.00078000,33.37932000,1704331038711,True
27298041,42794.00000000,0.00078000,33.37932000,1704331038954,True
27298042,42794.00000000,0.00075000,32.09550000,1704331039116,True
27298043,42794.00000000,0.00470000,201.13180000,1704331039556,True
27298044,42793.10000000,0.00003000,1.28379300,1704331039571,True
27298045,42793.10000000,0.00075000,32.09482500,1704331039571,True
27298046,42790.75000000,0.00024000,10.26978000,1704331041556,True
27298047,42789.23000000,0.00080000,34.23138400,1704331042555,True
27298048,42786.79000000,0.00600000,256.72074000,1704331043555,True
27298049,42786.79000000,0.00600000,256.72074000,1704331043555,True
27298050,42773.71000000,0.01021000,436.71957910,1704331043996,True
27298051,42776.09000000,0.00600000,256.65654000,1704331048894,True
27298052,42776.09000000,0.00600000,256.65654000,1704331048894,True
27298053,42773.71000000,0.00012000,5.13284520,1704331052559,True
27298054,42773.67000000,0.00800000,342.18936000,1704331053558,True
27298055,42773.67000000,0.00800000,342.18936000,1704331054556,True
27298056,42773.67000000,0.00800000,342.18936000,1704331054623,True
27298057,42773.66000000,0.00200000,85.54732000,1704331054623,True
27298058,42773.67000000,0.00800000,342.18936000,1704331055555,True
27298059,42773.67000000,0.00800000,342.18936000,1704331056135,True
27298060,42773.66000000,0.00200000,85.54732000,1704331056135,True
27298061,42773.67000000,0.00750000,320.80252500,1704331056555,True
27298062,42773.66000000,0.19652000,8405.87966320,1704331057555,True
27298063,42770.67000000,0.00140000,59.87893800,1704331059302,True
27298064,42765.40000000,0.00600000,256.59240000,1704331060315,True
27298065,42765.40000000,0.00543000,232.21612200,1704331060315,True
27298066,42765.40000000,0.00035000,14.96789000,1704331060411,True
27298067,42765.40000000,0.00022000,9.40838800,1704331061590,True
27298068,42758.79000000,0.00049000,20.95180710,1704331064666,True
27298069,42754.71000000,0.00021000,8.97848910,1704331070330,True
27298070,42797.89000000,0.00011000,4.70776790,1704331075039,False
27298071,42797.86000000,0.01011000,432.68636460,1704331077080,False
27298072,42797.87000000,0.01789000,765.65389430,1704331077080,False
27298073,42797.74000000,0.00009000,3.85179660,1704331080102,False
27298074,42797.73000000,0.00021000,8.98752330,1704331080631,False
27298075,42754.81000000,0.00466000,199.23741460,1704331082306,True
27298076,42783.58000000,0.00160000,68.45372800,1704331086503,False
27298077,42783.57000000,0.00072000,30.80417040,1704331086883,False
27298078,42770.64000000,0.00004000,1.71082560,1704331095080,False
27298079,42754.71000000,0.00579000,247.54977090,1704331098559,True
27298080,42754.71000000,0.00600000,256.52826000,1704331098559,True
27298081,42754.71000000,0.00011000,4.70301810,1704331098559,True
27298082,42754.71000000,0.00254000,108.59696340,1704331100020,True
27298083,42750.00000000,0.00029000,12.39750000,1704331100558,True
27298084,42749.20000000,0.00045000,19.23714000,1704331104557,True
27298085,42749.16000000,0.00081000,34.62681960,1704331105556,True
27298086,42747.13000000,0.00003000,1.28241390,1704331106558,True
27298087,42744.02000000,0.00600000,256.46412000,1704331107558,True
27298088,42744.02000000,0.00600000,256.46412000,1704331107558,True
27298089,42768.07000000,0.00003000,1.28304210,1704331108528,False
27298090,42768.00000000,0.00800000,342.14400000,1704331111752,False
27298091,42768.01000000,0.02000000,855.36020000,1704331111752,False
27298092,42741.00000000,0.00021000,8.97561000,1704331113065,True
27298093,42741.00000000,0.00680000,290.63880000,1704331113559,True
27298094,42739.80000000,0.01171000,500.48305800,1704331119341,True
27298095,42749.16000000,0.00072000,30.77939520,1704331119959,False
27298096,42739.60000000,0.00008000,3.41916800,1704331121560,True
27298097,42739.60000000,0.00013000,5.55614800,1704331121560,True
27298098,42749.14000000,0.00021000,8.97731940,1704331123059,False
27298099,42739.80000000,0.00010000,4.27398000,1704331123558,True
27298100,42748.96000000,0.00061000,26.07686560,1704331132821,False
27298101,42736.28000000,0.00011000,4.70099080,1704331134486,True
27298102,42736.28000000,0.00012000,5.12835360,1704331136916,True
27298103,42736.03000000,0.00005000,2.13680150,1704331137200,True
27298104,42733.34000000,0.00344000,147.00268960,1704331137490,True
27298105,42733.33000000,0.00362000,154.69465460,1704331137997,True
27298106,42733.33000000,0.00238000,101.70532540,1704331138035,True
27298107,42733.33000000,0.00262000,111.96132460,1704331138035,True
27298108,42733.33000000,0.00338000,144.43865540,1704331138123,True
27298109,42733.02000000,0.00021000,8.97393420,1704331138123,True
27298110,42728.74000000,0.00010000,4.27287400,1704331138123,True
27298111,42721.23000000,0.00040000,17.08849200,1704331138123,True
27298112,42712.29000000,0.00700000,298.98603000,1704331138123,True
27298113,42712.28000000,0.00391000,167.00501480,1704331138123,True
27298114,42744.75000000,0.00030000,12.82342500,1704331140094,False
27298115,42722.65000000,0.00600000,256.33590000,1704331140851,True
27298116,42722.65000000,0.00600000,256.33590000,1704331143561,True
27298117,42705.03000000,0.00021000,8.96805630,1704331144489,True
27298118,42738.77000000,0.00063000,26.92542510,1704331144533,False
27298119,42738.77000000,0.00072000,30.77191440,1704331144871,False
27298120,42749.16000000,0.00009000,3.84742440,1704331165008,False
27298121,42749.99000000,0.00014000,5.98499860,1704331165008,False
27298122,42749.99000000,0.00021000,8.97749790,1704331166558,False
27298123,42749.99000000,0.00072000,30.77999280,1704331167885,False
27298124,42749.99000000,0.00594000,253.93494060,1704331167959,False
27298125,42749.99000000,0.02206000,943.06477940,1704331167964,True
27298126,42712.37000000,0.00019000,8.11535030,1704331169646,True
27298127,42712.42000000,0.00901000,384.83890420,1704331171499,True
27298128,42749.32000000,0.00040000,17.09972800,1704331203184,False
27298129,42749.30000000,0.00051000,21.80214300,1704331203857,False
27298130,42749.19000000,0.00701000,299.67182190,1704331211703,False
27298131,42748.27000000,0.00072000,30.77875440,1704331212962,False
27298132,42748.27000000,0.02800000,1196.95156000,1704331217486,True
27298133,42713.22000000,0.01074000,458.73998280,1704331246094,True
27298134,42713.22000000,0.00019000,8.11551180,1704331247567,True
27298135,42713.00000000,0.00965000,412.18045000,1704331248791,True
27298136,42713.17000000,0.00047000,20.07518990,1704331250172,False
27298137,42713.00000000,0.14018000,5987.50834000,1704331251567,True
27298138,42713.00000000,0.00003000,1.28139000,1704331251567,True
27298139,42712.42000000,0.02457000,1049.44415940,1704331252062,True
27298140,42712.42000000,0.00148000,63.21438160,1704331253066,True
27298141,42712.28000000,0.00852000,363.90862560,1704331253066,True
27298142,42712.28000000,0.01489000,635.98584920,1704331253567,True
27298143,42713.17000000,0.00011000,4.69844870,1704331253606,False
27298144,42713.17000000,0.00003000,1.28139510,1704331255605,False
27298145,42705.00000000,0.00048000,20.49840000,1704331256568,True
27298146,42713.17000000,0.00010000,4.27131700,1704331260092,False
27298147,42713.17000000,0.00895000,382.28287150,1704331263877,False
27298148,42738.87000000,0.00800000,341.91096000,1704331268015,False
27298149,42738.88000000,0.00141000,60.26182080,1704331268015,False
27298150,42738.87000000,0.00040000,17.09554800,1704331268104,False
27298151,42704.17000000,0.00800000,341.63336000,1704331268160,True
27298152,42704.16000000,0.00128000,54.66132480,1704331268160,True
27298153,42711.98000000,0.00021000,8.96951580,1704331271536,True
27298154,42738.81000000,0.00701000,299.59905810,1704331278621,False
27298155,42750.40000000,0.00800000,342.00320000,1704331284747,False
27298156,42750.41000000,0.00200000,85.50082000,1704331284747,False
27298157,42750.40000000,0.00800000,342.00320000,1704331286101,False
27298158,42750.41000000,0.00200000,85.50082000,1704331286101,False
27298159,42750.40000000,0.00072000,30.78028800,1704331287220,False
27298160,42750.40000000,0.00800000,342.00320000,1704331287712,False
27298161,42750.41000000,0.00200000,85.50082000,1704331287712,False
27298162,42750.40000000,0.00800000,342.00320000,1704331288738,False
27298163,42750.41000000,0.00200000,85.50082000,1704331288738,False
27298164,42750.40000000,0.00800000,342.00320000,1704331289785,False
27298165,42750.41000000,0.00200000,85.50082000,1704331289785,False
27298166,42750.41000000,0.01800000,769.50738000,1704331290784,False
27298167,42752.10000000,0.00650000,277.88865000,1704331290784,False
27298168,42752.13000000,0.02800000,1197.05964000,1704331290784,False
27298169,42752.55000000,0.00072000,30.78183600,1704331290784,False
27298170,42752.55000000,0.00009000,3.84772950,1704331322573,True
27298171,42718.00000000,0.00020000,8.54360000,1704331323216,True
27298172,42712.52000000,0.00009000,3.84412680,1704331341822,True
27298173,42749.30000000,0.00003000,1.28247900,1704331364678,False
27298174,42734.00000000,0.00024000,10.25616000,1704331372906,True
27298175,42749.10000000,0.00020000,8.54982000,1704331375321,False
27298176,42712.98000000,0.00028000,11.95963440,1704331375508,True
27298177,42712.98000000,0.00051000,21.78361980,1704331377876,True
27298178,42745.44000000,0.00072000,30.77671680,1704331385136,False
27298179,42745.37000000,0.00212000,90.62018440,1704331388060,False
27298180,42712.98000000,0.00622000,265.67473560,1704331389542,True
27298181,42711.98000000,0.00051000,21.78310980,1704331389542,True
27298182,42711.97000000,0.00600000,256.27182000,1704331389743,True
27298183,42711.97000000,0.00022000,9.39663340,1704331389743,True
27298184,42711.97000000,0.00578000,246.87518660,1704331389923,True
27298185,42704.00000000,0.00173000,73.87792000,1704331391900,True
27298186,42703.52000000,0.00017000,7.25959840,1704331391900,True
27298187,42704.00000000,0.00003000,1.28112000,1704331392584,True
27298188,42701.29000000,0.00020000,8.54025800,1704331393386,True
27298189,42701.29000000,0.00012000,5.12415480,1704331404058,True
27298190,42701.15000000,0.00003000,1.28103450,1704331404202,True
27298191,42701.29000000,0.00118000,50.38752220,1704331404578,True
27298192,42700.00000000,0.00023000,9.82100000,1704331404923,True
27298193,42700.00000000,0.00032000,13.66400000,1704331404923,True
27298194,42700.00000000,0.00001000,0.42700000,1704331405481,True
27298195,42699.01000000,0.00800000,341.59208000,1704331405481,True
27298196,42699.00000000,0.00199000,84.97101000,1704331405481,True
27298197,42699.00000000,0.17921000,7652.08779000,1704331405489,True
27298198,42699.00000000,0.00863000,368.49237000,1704331405573,True
27298199,42699.00000000,0.01104000,471.39696000,1704331405582,True
27298200,42688.00000000,0.00701000,299.24288000,1704331406062,True
27298201,42688.00000000,0.00001000,0.42688000,1704331407422,True
27298202,42682.75000000,0.00071000,30.30475250,1704331408223,True
27298203,42680.16000000,0.00045000,19.20607200,1704331408238,True
27298204,42677.41000000,0.00026000,11.09612660,1704331408238,True
27298205,42677.41000000,0.00114000,48.65224740,1704331408245,True
27298206,42677.41000000,0.00140000,59.74837400,1704331408245,True
27298207,42674.10000000,0.00025000,10.66852500,1704331409789,True
27298208,42677.41000000,0.00088000,37.55612080,1704331410363,True
27298209,42677.41000000,0.00001000,0.42677410,1704331410500,True
27298210,42672.88000000,0.00019000,8.10784720,1704331410500,True
27298211,42672.73000000,0.00031000,13.22854630,1704331410500,True
27298212,42666.67000000,0.00029000,12.37333430,1704331410500,True
27298213,42663.21000000,0.00008000,3.41305680,1704331410500,True
27298214,42660.45000000,0.00001000,0.42660450,1704331410500,True
27298215,42660.46000000,0.00245000,104.51812700,1704331410506,True
27298216,42660.46000000,0.06526000,2784.02161960,1704331410587,True
27298217,42660.46000000,0.00004000,1.70641840,1704331410589,True
27298218,42660.45000000,0.00081000,34.55496450,1704331410589,True
27298219,42660.45000000,0.00082000,34.98156900,1704331410589,True
27298220,42660.45000000,0.00082000,34.98156900,1704331410589,True
27298221,42655.17000000,0.00003000,1.27965510,1704331410589,True
27298222,42654.63000000,0.00800000,341.23704000,1704331410589,True
27298223,42654.62000000,0.00801000,341.66350620,1704331410589,True
27298224,42654.64000000,0.03635000,1550.49616400,1704331410639,True
27298225,42654.84000000,0.00016000,6.82477440,1704331417794,True
27298226,42653.81000000,0.13237000,5646.08482970,1704331417807,False
27298227,42653.81000000,0.05099000,2174.91777190,1704331417812,False
27298228,42653.81000000,0.04561000,1945.44027410,1704331417815,False
27298229,42660.45000000,0.00082000,34.98156900,1704331429809,False
27298230,42653.45000000,0.00020000,8.53069000,1704331432219,True
27298231,42677.41000000,0.00140000,59.74837400,1704331432708,False
27298232,42692.69000000,0.00329000,140.45895010,1704331432708,False
27298233,42692.60000000,0.00021000,8.96544600,1704331435777,False
27298234,42688.15000000,0.00010000,4.26881500,1704331440090,False
27298235,42653.60000000,0.00010000,4.26536000,1704331440210,True
27298236,42653.59000000,0.00034000,14.50222060,1704331440210,True
27298237,42653.64000000,0.00183000,78.05616120,1704331443515,True
27298238,42688.06000000,0.00072000,30.73540320,1704331443921,False
27298239,42653.66000000,0.00012000,5.11843920,1704331449482,True
27298240,42653.66000000,0.00021000,8.95726860,1704331451522,True
27298241,42653.66000000,0.00169000,72.08468540,1704331452470,True
27298242,42653.66000000,0.00298000,127.10790680,1704331457514,True
27298243,42653.41000000,0.00297000,126.68062770,1704331457587,True
27298244,42652.56000000,0.00035000,14.92839600,1704331457666,True
27298245,42650.00000000,0.00262000,111.74300000,1704331457666,True
27298246,42650.00000000,0.00236000,100.65400000,1704331457895,True
27298247,42650.00000000,0.00817000,348.45050000,1704331458113,True
27298248,42650.00000000,0.00236000,100.65400000,1704331458124,True
27298249,42650.00000000,0.00297000,126.67050000,1704331458125,True
27298250,42650.00000000,0.00147000,62.69550000,1704331458248,True
27298251,42660.42000000,0.00028000,11.94491760,1704331458285,False
27298252,42650.01000000,0.00800000,341.20008000,1704331458309,True
27298253,42650.00000000,0.00274000,116.86100000,1704331458309,True
27298254,42650.01000000,0.00800000,341.20008000,1704331458591,True
27298255,42650.00000000,0.00322000,137.33300000,1704331458591,True
27298256,42650.01000000,0.00163000,69.51951630,1704331459519,True
27298257,42660.40000000,0.00703000,299.90261200,1704331460030,False
27298258,42660.45000000,0.00082000,34.98156900,1704331460030,False
27298259,42650.04000000,0.00240000,102.36009600,1704331460525,True
27298260,42688.12000000,0.02330000,994.63319600,1704331461177,False
27298261,42689.86000000,0.00011000,4.69588460,1704331464902,False
27298262,42657.20000000,0.00071000,30.28661200,1704331465840,True
27298263,42657.20000000,0.00017000,7.25172400,1704331465914,True
27298264,42689.86000000,0.00061000,26.04081460,1704331469583,False
27298265,42701.14000000,0.00066000,28.18275240,1704331470915,False
27298266,42701.15000000,0.00003000,1.28103450,1704331470915,False
27298267,42709.91000000,0.00003000,1.28129730,1704331470915,False
27298268,42659.09000000,0.00028000,11.94454520,1704331476469,True
27298269,42659.09000000,0.00030000,12.79772700,1704331476848,True
27298270,42659.09000000,0.00013000,5.54568170,1704331477522,True
27298271,42700.86000000,0.00468000,199.84002480,1704331479399,False
27298272,42659.14000000,0.00018000,7.67864520,1704331480559,True
27298273,42659.14000000,0.00021000,8.95841940,1704331480662,True
27298274,42659.14000000,0.00461000,196.65863540,1704331481000,True
27298275,42659.14000000,0.00220000,93.85010800,1704331481632,True
27298276,42659.12000000,0.00079000,33.70070480,1704331481632,True
27298277,42659.02000000,0.00800000,341.27216000,1704331481632,True
27298278,42659.01000000,0.00203000,86.59779030,1704331481632,True
27298279,42655.17000000,0.00003000,1.27965510,1704331490060,True
27298280,42655.17000000,0.00035000,14.92930950,1704331490060,True
27298281,42650.00000000,0.02027000,864.51550000,1704331490150,True
27298282,42650.00000000,0.04809000,2051.03850000,1704331490150,True
27298283,42649.47000000,0.00008000,3.41195760,1704331490175,True
27298284,42648.24000000,0.00049000,20.89763760,1704331490185,True
27298285,42646.04000000,0.00054000,23.02886160,1704331490279,True
27298286,42646.03000000,0.00019000,8.10274570,1704331490289,True
27298287,42645.00000000,0.02109000,899.38305000,1704331490301,True
27298288,42672.54000000,0.00020000,8.53450800,1704331491111,False
27298289,42635.00000000,0.00019000,8.10065000,1704331496851,True
27298290,42635.00000000,0.00684000,291.62340000,1704331498640,True
27298291,42634.68000000,0.00014000,5.96885520,1704331498640,True
27298292,42659.23000000,0.00072000,30.71464560,1704331499771,False
27298293,42658.66000000,0.00009000,3.83927940,1704331500103,False
27298294,42623.75000000,0.00020000,8.52475000,1704331501403,True
27298295,42623.75000000,0.00683000,291.12021250,1704331502809,True
27298296,42623.75000000,0.05099000,2173.38501250,1704331502816,False
27298297,42623.75000000,0.00385000,164.10143750,1704331502820,False
27298298,42650.46000000,0.00008000,3.41203680,1704331505314,False
27298299,42650.44000000,0.00254000,108.33211760,1704331505756,False
27298300,42650.44000000,0.00529000,225.62082760,1704331505988,False
27298301,42623.73000000,0.00012000,5.11484760,1704331509917,True
27298302,42643.42000000,0.00020000,8.52868400,1704331511497,False
27298303,42665.82000000,0.00800000,341.32656000,1704331528136,False
27298304,42665.83000000,0.07380000,3148.73825400,1704331528136,False
27298305,42623.94000000,0.00011000,4.68863340,1704331533000,True
27298306,42623.96000000,0.00020000,8.52479200,1704331533247,True
27298307,42665.45000000,0.00072000,30.71912400,1704331534336,False
27298308,42624.01000000,0.00329000,140.23299290,1704331537583,True
27298309,42640.00000000,0.00655000,279.29200000,1704331553161,True
27298310,42640.00000000,0.00020000,8.52800000,1704331555039,False
27298311,42623.80000000,0.00099000,42.19756200,1704331555920,True
27298312,42623.73000000,0.00051000,21.73810230,1704331557444,True
27298313,42639.99000000,0.00071000,30.27439290,1704331558000,False
27298314,42639.99000000,0.00973000,414.88710270,1704331558000,False
27298315,42639.99000000,0.00800000,341.11992000,1704331558098,False
27298316,42639.99000000,0.00800000,341.11992000,1704331558589,False
27298317,42620.55000000,0.00294000,125.30441700,1704331558961,True
27298318,42639.99000000,0.00010000,4.26399900,1704331560106,False
27298319,42620.63000000,0.00205000,87.37229150,1704331560612,True
27298320,42639.99000000,0.00800000,341.11992000,1704331561589,False
27298321,42620.66000000,0.00102000,43.47307320,1704331562141,True
27298322,42640.00000000,0.05186000,2211.31040000,1704331562588,False
27298323,42620.67000000,0.00167000,71.17651890,1704331563661,True
27298324,42620.67000000,0.00493000,210.11990310,1704331563672,True
27298325,42663.64000000,0.00703000,299.92538920,1704331573927,False
27298326,42663.78000000,0.00072000,30.71792160,1704331575589,False
27298327,42634.15000000,0.00062000,26.43317300,1704331580684,True
27298328,42674.53000000,0.00072000,30.72566160,1704331601268,False
27298329,42677.41000000,0.00140000,59.74837400,1704331601590,False
27298330,42696.24000000,0.00072000,30.74129280,1704331602001,False
27298331,42698.95000000,0.00072000,30.74324400,1704331603559,False
27298332,42698.95000000,0.00952000,406.49400400,1704331603627,True
27298333,42701.15000000,0.00003000,1.28103450,1704331606591,False
27298334,42680.08000000,0.00020000,8.53601600,1704331608136,True
27298335,42680.18000000,0.00040000,17.07207200,1704331610689,True
27298336,42703.52000000,0.00049000,20.92472480,1704331613001,False
27298337,42701.31000000,0.00019000,8.11324890,1704331620124,True
27298338,42703.68000000,0.02568000,1096.63050240,1704331650667,True
27298339,42704.76000000,0.00011000,4.69752360,1704331659565,True
27298340,42704.76000000,0.00013000,5.55161880,1704331659565,True
27298341,42704.76000000,0.00029000,12.38438040,1704331659565,True
27298342,42701.29000000,0.00600000,256.20774000,1704331659565,True
27298343,42701.29000000,0.00009000,3.84311610,1704331660784,True
27298344,42690.61000000,0.00116000,49.52110760,1704331660825,True
27298345,42710.07000000,0.00004000,1.70840280,1704331661818,False
27298346,42704.02000000,0.00004000,1.70816080,1704331666091,False
27298347,42710.02000000,0.00004000,1.70840080,1704331666091,False
27298348,42710.02000000,0.00012000,5.12520240,1704331666091,False
27298349,42682.00000000,0.00328000,139.99696000,1704331667244,True
27298350,42710.02000000,0.00689000,294.27203780,1704331667251,False
27298351,42682.00000000,0.00328000,139.99696000,1704331667261,True
27298352,42673.06000000,0.00041000,17.49595460,1704331684862,True
27298353,42673.06000000,0.00006000,2.56038360,1704331687603,True
27298354,42673.06000000,0.00012000,5.12076720,1704331695292,True
27298355,42655.22000000,0.00702000,299.43964440,1704331695292,True
27298356,42655.21000000,0.00611000,260.62333310,1704331695292,True
27298357,42677.41000000,0.00140000,59.74837400,1704331696597,False
27298358,42659.24000000,0.00164000,69.96115360,1704331717265,True
27298359,42662.51000000,0.00020000,8.53250200,1704331719844,True
27298360,42690.61000000,0.00100000,42.69061000,1704331756207,True
27298361,42690.61000000,0.00100000,42.69061000,1704331757082,True
27298362,42714.72000000,0.00140000,59.80060800,1704331783723,False
27298363,42714.67000000,0.00009000,3.84432030,1704331788016,False
27298364,42721.48000000,0.00072000,30.75946560,1704331788925,False
27298365,42721.88000000,0.00037000,15.80709560,1704331801819,False
27298366,42691.02000000,0.00010000,4.26910200,1704331801868,True
27298367,42721.88000000,0.00035000,14.95265800,1704331833408,False
27298368,42706.12000000,0.00016000,6.83297920,1704331842436,True
27298369,42746.59000000,0.00800000,341.97272000,1704331847608,False
27298370,42746.59000000,0.00020000,8.54931800,1704331851897,False
27298371,42746.59000000,0.00450000,192.35965500,1704331853609,False
27298372,42737.63000000,0.00020000,8.54752600,1704331870427,True
27298373,42737.68000000,0.00280000,119.66550400,1704331875212,True
27298374,42737.67000000,0.00228000,97.44188760,1704331875212,True
27298375,42737.67000000,0.00286000,122.22973620,1704331875212,True
27298376,42737.67000000,0.00105000,44.87455350,1704331875212,True
27298377,42737.63000000,0.00009000,3.84638670,1704331875212,True
27298378,42737.63000000,0.00009000,3.84638670,1704331887615,True
27298379,42724.10000000,0.02662000,1137.31554200,1704331890422,True
